<?xml version="1.0" encoding="UTF-8"?>
<!DOCTYPE html PUBLIC "-//W3C//DTD XHTML 1.0 Transitional//EN"
    "http://www.w3.org/TR/xhtml1/DTD/xhtml1-transitional.dtd">
<html xmlns="http://www.w3.org/1999/xhtml" xml:lang="en" lang="en">
 <head>
  <title>
</title>
<meta http-equiv="Content-Type" content="text/html;charset=utf-8" />
  <meta name='ocr-system' content='tesseract 3.04.00' />
  <meta name='ocr-capabilities' content='ocr_page ocr_carea ocr_par ocr_line ocrx_word'/>
</head>
<body>
  <div class='ocr_page' id='page_1' title='image "./mfabiqvintilian00quingoog_0055.png"; bbox 0 0 2460 3854; ppageno 0'>
   <div class='ocr_carea' id='block_1_1' title="bbox 120 123 837 192">
    <p class='ocr_par' dir='ltr' id='par_1_1' title="bbox 120 123 837 192">
     <span class='ocr_line' id='line_1_1' title="bbox 120 123 837 192; baseline -0.024 1"><span class='ocrx_word' id='word_1_1' title='bbox 120 127 164 192; x_wconf 80' lang='lat'><strong>36</strong></span> <span class='ocrx_word' id='word_1_2' title='bbox 422 124 650 191; x_wconf 71' lang='lat' dir='ltr'><strong>QVINTILIANI</strong></span> <span class='ocrx_word' id='word_1_3' title='bbox 667 124 760 178; x_wconf 69' lang='lat' dir='ltr'><strong>mss.</strong></span> <span class='ocrx_word' id='word_1_4' title='bbox 780 123 837 178; x_wconf 80' lang='grc' dir='ltr'><strong>ΟΒ.</strong></span> 
     </span>
    </p>
   </div>
   <div class='ocr_carea' id='block_1_2' title="bbox 67 294 1189 3048">
    <p class='ocr_par' dir='ltr' id='par_1_2' title="bbox 67 294 1189 3048">
     <span class='ocr_line' id='line_1_2' title="bbox 119 294 1139 370; baseline -0.005 -16"><span class='ocrx_word' id='word_1_5' title='bbox 119 296 294 355; x_wconf 84' lang='lat' dir='ltr'><strong>diversitate</strong></span> <span class='ocrx_word' id='word_1_6' title='bbox 330 296 552 370; x_wconf 79' lang='lat' dir='ltr'><strong>pronominum,</strong></span> <span class='ocrx_word' id='word_1_7' title='bbox 588 296 843 367; x_wconf 77' lang='lat' dir='ltr'><strong>interiectionum,</strong></span> <span class='ocrx_word' id='word_1_8' title='bbox 882 294 1139 368; x_wconf 76' lang='lat' dir='ltr'><strong>praepositionum</strong></span> 
     </span>
     <span class='ocr_line' id='line_1_3' title="bbox 119 382 1139 457; baseline -0.004 -13"><span class='ocrx_word' id='word_1_9' title='bbox 119 385 262 444; x_wconf 72' lang='lat' dir='ltr'><strong>condent.</strong></span> <span class='ocrx_word' id='word_1_10' title='bbox 295 387 341 443; x_wconf 86' lang='lat' dir='ltr'><strong>est</strong></span> <span class='ocrx_word' id='word_1_11' title='bbox 370 386 461 442; x_wconf 90' lang='lat' dir='ltr'><strong>etiam</strong></span> <span class='ocrx_word' id='word_1_12' title='bbox 488 384 679 442; x_wconf 85' lang='lat' dir='ltr'><strong>soloecismus</strong></span> <span class='ocrx_word' id='word_1_13' title='bbox 701 386 735 441; x_wconf 90' lang='lat' dir='ltr'><strong>in</strong></span> <span class='ocrx_word' id='word_1_14' title='bbox 758 385 893 442; x_wconf 88' lang='lat' dir='ltr'><strong>oratione</strong></span> <span class='ocrx_word' id='word_1_15' title='bbox 916 382 1139 457; x_wconf 89' lang='lat' dir='ltr'><strong>conprensionis</strong></span> 
     </span>
     <span class='ocr_line' id='line_1_4' title="bbox 119 472 1189 549; baseline -0.006 -16"><span class='ocrx_word' id='word_1_16' title='bbox 119 477 207 534; x_wconf 91' lang='lat' dir='ltr'><strong>unius</strong></span> <span class='ocrx_word' id='word_1_17' title='bbox 231 475 418 549; x_wconf 84' lang='lat' dir='ltr'><strong>sequentium</strong></span> <span class='ocrx_word' id='word_1_18' title='bbox 436 490 471 531; x_wconf 86' lang='lat' dir='ltr'><strong>ac</strong></span> <span class='ocrx_word' id='word_1_19' title='bbox 489 475 624 547; x_wconf 87' lang='lat' dir='ltr'>priorum</span> <span class='ocrx_word' id='word_1_20' title='bbox 641 475 721 530; x_wconf 89' lang='lat' dir='ltr'><strong>inter</strong></span> <span class='ocrx_word' id='word_1_21' title='bbox 741 491 772 530; x_wconf 91' lang='lat' dir='ltr'><strong>se</strong></span> <span class='ocrx_word' id='word_1_22' title='bbox 790 472 1000 531; x_wconf 76' lang='lat' dir='ltr'><strong>inconveniens</strong></span> <span class='ocrx_word' id='word_1_23' title='bbox 1019 472 1140 545; x_wconf 89' lang='lat' dir='ltr'><strong>positio.</strong></span> <span class='ocrx_word' id='word_1_24' title='bbox 1187 511 1189 518; x_wconf 33' lang='grc' dir='ltr'><strong><em>ι</em></strong></span> 
     </span>
     <span class='ocr_line' id='line_1_5' title="bbox 67 559 1141 640; baseline -0.008 -13"><span class='ocrx_word' id='word_1_25' title='bbox 67 570 106 627; x_wconf 74' lang='grc'><strong>52</strong></span> <span class='ocrx_word' id='word_1_26' title='bbox 121 563 268 640; x_wconf 88' lang='lat' dir='ltr'><strong>quaedam</strong></span> <span class='ocrx_word' id='word_1_27' title='bbox 289 565 390 621; x_wconf 90' lang='lat' dir='ltr'><strong>tamen</strong></span> <span class='ocrx_word' id='word_1_28' title='bbox 413 565 444 620; x_wconf 92' lang='lat' dir='ltr'><strong>et</strong></span> <span class='ocrx_word' id='word_1_29' title='bbox 461 562 568 620; x_wconf 88' lang='lat' dir='ltr'><strong>faciem</strong></span> <span class='ocrx_word' id='word_1_30' title='bbox 587 561 756 621; x_wconf 73' lang='lat' dir='ltr'><strong>soloecismi</strong></span> <span class='ocrx_word' id='word_1_31' title='bbox 773 561 885 620; x_wconf 86' lang='lat' dir='ltr'><strong>habent</strong></span> <span class='ocrx_word' id='word_1_32' title='bbox 902 563 932 619; x_wconf 93' lang='lat' dir='ltr'><strong>et</strong></span> <span class='ocrx_word' id='word_1_33' title='bbox 951 559 1012 618; x_wconf 91' lang='lat' dir='ltr'><strong>dici</strong></span> <span class='ocrx_word' id='word_1_34' title='bbox 1029 562 1141 619; x_wconf 84' lang='lat' dir='ltr'><strong>vitiosa</strong></span> 
     </span>
     <span class='ocr_line' id='line_1_6' title="bbox 120 645 1174 728; baseline -0.002 -18"><span class='ocrx_word' id='word_1_35' title='bbox 120 672 180 712; x_wconf 88' lang='lat' dir='ltr'><strong>non</strong></span> <span class='ocrx_word' id='word_1_36' title='bbox 202 655 337 728; x_wconf 74' lang='lat' dir='ltr'><strong>possunt,</strong></span> <span class='ocrx_word' id='word_1_37' title='bbox 359 654 395 709; x_wconf 90' lang='lat' dir='ltr'><strong>ut</strong></span> <span class='ocrx_word' id='word_1_38' title='bbox 419 647 586 728; x_wconf 81' lang='lat' dir='ltr'><strong>‘tragoedia</strong></span> <span class='ocrx_word' id='word_1_39' title='bbox 609 645 775 725; x_wconf 62' lang='lat' dir='ltr'><strong>Thyestes,</strong></span> <span class='ocrx_word' id='word_1_40' title='bbox 797 654 833 709; x_wconf 91' lang='lat' dir='ltr'><strong>ut</strong></span> <span class='ocrx_word' id='word_1_41' title='bbox 855 646 932 708; x_wconf 72' lang='lat' dir='ltr'><strong>‘ludi</strong></span> <span class='ocrx_word' id='word_1_42' title='bbox 954 649 1088 708; x_wconf 81' lang='lat' dir='ltr'><strong>Floralia</strong></span> <span class='ocrx_word' id='word_1_43' title='bbox 1107 666 1141 706; x_wconf 90' lang='lat' dir='ltr'><strong>ac</strong></span> <span class='ocrx_word' id='word_1_44' title='bbox 1165 669 1174 708; x_wconf 76' lang='lat' dir='ltr'><strong>r</strong></span> 
     </span>
     <span class='ocr_line' id='line_1_7' title="bbox 120 735 1141 819; baseline -0.004 -19"><span class='ocrx_word' id='word_1_45' title='bbox 120 735 329 819; x_wconf 78' lang='lat' dir='ltr'><strong>Megalensia&#39;:</strong></span> <span class='ocrx_word' id='word_1_46' title='bbox 362 759 544 816; x_wconf 89' lang='lat' dir='ltr'><strong>quamquam</strong></span> <span class='ocrx_word' id='word_1_47' title='bbox 571 739 644 798; x_wconf 90' lang='lat' dir='ltr'><strong>haec</strong></span> <span class='ocrx_word' id='word_1_48' title='bbox 668 742 805 815; x_wconf 83' lang='lat' dir='ltr'><strong>sequenti</strong></span> <span class='ocrx_word' id='word_1_49' title='bbox 827 742 960 814; x_wconf 86' lang='lat' dir='ltr'><strong>tempore</strong></span> <span class='ocrx_word' id='word_1_50' title='bbox 983 737 1141 797; x_wconf 87' lang='lat' dir='ltr'><strong>intercide-</strong></span> 
     </span>
     <span class='ocr_line' id='line_1_8' title="bbox 119 829 1142 905; baseline -0.004 -16"><span class='ocrx_word' id='word_1_51' title='bbox 119 833 191 890; x_wconf 79' lang='lat' dir='ltr'><strong>rrmt</strong></span> <span class='ocrx_word' id='word_1_52' title='bbox 213 849 377 905; x_wconf 80' lang='lat' dir='ltr'><strong>numquam</strong></span> <span class='ocrx_word' id='word_1_53' title='bbox 399 829 489 888; x_wconf 86' lang='lat' dir='ltr'><strong>aliter</strong></span> <span class='ocrx_word' id='word_1_54' title='bbox 511 849 529 887; x_wconf 88' lang='lat' dir='ltr'><strong>a</strong></span> <span class='ocrx_word' id='word_1_55' title='bbox 554 829 700 888; x_wconf 86' lang='lat' dir='ltr'><strong>veteribus</strong></span> <span class='ocrx_word' id='word_1_56' title='bbox 724 829 814 890; x_wconf 87' lang='lat' dir='ltr'><strong>dicta.</strong></span> <span class='ocrx_word' id='word_1_57' title='bbox 842 829 1025 888; x_wconf 87' lang='lat' dir='ltr'><strong>schemata</strong></span> <span class='ocrx_word' id='word_1_58' title='bbox 1047 829 1142 904; x_wconf 86' lang='lat' dir='ltr'><strong>igitur</strong></span> 
     </span>
     <span class='ocr_line' id='line_1_9' title="bbox 120 917 1142 994; baseline -0.004 -15"><span class='ocrx_word' id='word_1_59' title='bbox 120 920 361 993; x_wconf 89' lang='lat' dir='ltr'><strong>nominabuntur,</strong></span> <span class='ocrx_word' id='word_1_60' title='bbox 389 919 594 994; x_wconf 84' lang='lat' dir='ltr'><strong>frequentiora</strong></span> <span class='ocrx_word' id='word_1_61' title='bbox 616 919 737 993; x_wconf 90' lang='lat' dir='ltr'><strong>quidem</strong></span> <span class='ocrx_word' id='word_1_62' title='bbox 760 917 841 994; x_wconf 88' lang='lat' dir='ltr'><strong>apud</strong></span> <span class='ocrx_word' id='word_1_63' title='bbox 863 923 977 993; x_wconf 87' lang='lat' dir='ltr'><strong>poetas,</strong></span> <span class='ocrx_word' id='word_1_64' title='bbox 1000 917 1053 976; x_wconf 89' lang='lat' dir='ltr'><strong>sed</strong></span> <span class='ocrx_word' id='word_1_65' title='bbox 1076 934 1142 974; x_wconf 87' lang='lat' dir='ltr'><strong>ora-</strong></span> 
     </span>
     <span class='ocr_line' id='line_1_10' title="bbox 68 1006 1143 1084; baseline -0.005 -16"><span class='ocrx_word' id='word_1_66' title='bbox 68 1018 107 1075; x_wconf 81' lang='grc'><strong>55</strong></span> <span class='ocrx_word' id='word_1_67' title='bbox 122 1009 237 1069; x_wconf 85' lang='lat' dir='ltr'><strong>toribus</strong></span> <span class='ocrx_word' id='word_1_68' title='bbox 260 1027 379 1084; x_wconf 87' lang='lat' dir='ltr'><strong>quoque</strong></span> <span class='ocrx_word' id='word_1_69' title='bbox 401 1010 556 1084; x_wconf 87' lang='lat' dir='ltr'><strong>permissa.</strong></span> <span class='ocrx_word' id='word_1_70' title='bbox 587 1027 692 1067; x_wconf 84' lang='lat' dir='ltr'><strong>verum</strong></span> <span class='ocrx_word' id='word_1_71' title='bbox 715 1008 834 1066; x_wconf 88' lang='lat' dir='ltr'><strong>schema</strong></span> <span class='ocrx_word' id='word_1_72' title='bbox 856 1008 918 1065; x_wconf 89' lang='lat' dir='ltr'><strong>fere</strong></span> <span class='ocrx_word' id='word_1_73' title='bbox 940 1006 1065 1064; x_wconf 86' lang='lat' dir='ltr'><strong>habebit</strong></span> <span class='ocrx_word' id='word_1_74' title='bbox 1088 1006 1143 1064; x_wconf 89' lang='lat' dir='ltr'><strong>ali·</strong></span> 
     </span>
     <span class='ocr_line' id='line_1_11' title="bbox 121 1096 1178 1175; baseline -0.004 -18"><span class='ocrx_word' id='word_1_75' title='bbox 121 1117 212 1175; x_wconf 90' lang='lat' dir='ltr'><strong>quam</strong></span> <span class='ocrx_word' id='word_1_76' title='bbox 238 1100 395 1172; x_wconf 78' lang='lat' dir='ltr'><strong>rationem,</strong></span> <span class='ocrx_word' id='word_1_77' title='bbox 422 1099 457 1154; x_wconf 89' lang='lat' dir='ltr'><strong>ut</strong></span> <span class='ocrx_word' id='word_1_78' title='bbox 484 1096 653 1156; x_wconf 91' lang='lat' dir='ltr'><strong>docebimus</strong></span> <span class='ocrx_word' id='word_1_79' title='bbox 682 1117 726 1170; x_wconf 83' lang='lat' dir='ltr'><strong>eo,</strong></span> <span class='ocrx_word' id='word_1_80' title='bbox 754 1117 844 1173; x_wconf 92' lang='lat' dir='ltr'><strong>quem</strong></span> <span class='ocrx_word' id='word_1_81' title='bbox 865 1096 957 1172; x_wconf 86' lang='lat' dir='ltr'><strong>paulo</strong></span> <span class='ocrx_word' id='word_1_82' title='bbox 980 1098 1050 1153; x_wconf 86' lang='lat' dir='ltr'><strong>ante</strong></span> <span class='ocrx_word' id='word_1_83' title='bbox 1072 1113 1142 1170; x_wconf 91' lang='lat' dir='ltr'><strong>pro·</strong></span> <span class='ocrx_word' id='word_1_84' title='bbox 1156 1115 1178 1154; x_wconf 86' lang='lat' dir='ltr'><strong>rc</strong></span> 
     </span>
     <span class='ocr_line' id='line_1_12' title="bbox 120 1186 1144 1263; baseline -0.003 -17"><span class='ocrx_word' id='word_1_85' title='bbox 120 1190 266 1262; x_wconf 86' lang='lat' dir='ltr'><strong>misimus,</strong></span> <span class='ocrx_word' id='word_1_86' title='bbox 293 1187 368 1261; x_wconf 87' lang='lat' dir='ltr'><strong>loco,</strong></span> <span class='ocrx_word' id='word_1_87' title='bbox 398 1186 450 1245; x_wconf 90' lang='lat' dir='ltr'><strong>sed</strong></span> <span class='ocrx_word' id='word_1_88' title='bbox 476 1186 526 1246; x_wconf 86' lang='lat' dir='ltr'><strong>hio</strong></span> <span class='ocrx_word' id='word_1_89' title='bbox 554 1205 672 1263; x_wconf 91' lang='lat' dir='ltr'><strong>quoque</strong></span> <span class='ocrx_word' id='word_1_90' title='bbox 705 1187 785 1262; x_wconf 91' lang='lat' dir='ltr'><strong>quod</strong></span> <span class='ocrx_word' id='word_1_91' title='bbox 808 1186 927 1245; x_wconf 87' lang='lat' dir='ltr'><strong>schema</strong></span> <span class='ocrx_word' id='word_1_92' title='bbox 949 1187 1084 1259; x_wconf 85' lang='lat' dir='ltr'><strong>vocatur,</strong></span> <span class='ocrx_word' id='word_1_93' title='bbox 1118 1186 1144 1243; x_wconf 88' lang='lat' dir='ltr'><strong>si</strong></span> 
     </span>
     <span class='ocr_line' id='line_1_13' title="bbox 121 1275 1143 1352; baseline -0.004 -16"><span class='ocrx_word' id='word_1_94' title='bbox 121 1277 159 1336; x_wconf 89' lang='lat' dir='ltr'><strong>ab</strong></span> <span class='ocrx_word' id='word_1_95' title='bbox 188 1277 291 1352; x_wconf 88' lang='lat' dir='ltr'><strong>aliquo</strong></span> <span class='ocrx_word' id='word_1_96' title='bbox 318 1296 372 1352; x_wconf 90' lang='lat' dir='ltr'><strong>per</strong></span> <span class='ocrx_word' id='word_1_97' title='bbox 394 1275 618 1352; x_wconf 88' lang='lat' dir='ltr'><strong>inprudentiam</strong></span> <span class='ocrx_word' id='word_1_98' title='bbox 644 1275 757 1334; x_wconf 87' lang='lat' dir='ltr'><strong>factum</strong></span> <span class='ocrx_word' id='word_1_99' title='bbox 780 1278 847 1349; x_wconf 79' lang='lat' dir='ltr'><strong>erit,</strong></span> <span class='ocrx_word' id='word_1_100' title='bbox 874 1275 1043 1334; x_wconf 81' lang='lat' dir='ltr'><strong>soloecismi</strong></span> <span class='ocrx_word' id='word_1_101' title='bbox 1065 1276 1143 1332; x_wconf 88' lang='lat' dir='ltr'><strong>vitio</strong></span> 
     </span>
     <span class='ocr_line' id='line_1_14' title="bbox 69 1364 1144 1440; baseline -0.003 -17"><span class='ocrx_word' id='word_1_102' title='bbox 69 1376 107 1433; x_wconf 84' lang='grc'><strong>54</strong></span> <span class='ocrx_word' id='word_1_103' title='bbox 122 1385 182 1425; x_wconf 92' lang='lat' dir='ltr'><strong>non</strong></span> <span class='ocrx_word' id='word_1_104' title='bbox 205 1365 326 1424; x_wconf 82' lang='lat' dir='ltr'><strong>carebit.</strong></span> <span class='ocrx_word' id='word_1_105' title='bbox 367 1368 400 1423; x_wconf 92' lang='lat' dir='ltr'><strong>in</strong></span> <span class='ocrx_word' id='word_1_106' title='bbox 427 1364 531 1424; x_wconf 88' lang='lat' dir='ltr'><strong>eadem</strong></span> <span class='ocrx_word' id='word_1_107' title='bbox 557 1367 654 1440; x_wconf 90' lang='lat' dir='ltr'><strong>specie</strong></span> <span class='ocrx_word' id='word_1_108' title='bbox 678 1367 757 1439; x_wconf 88' lang='lat' dir='ltr'><strong>suut,</strong></span> <span class='ocrx_word' id='word_1_109' title='bbox 784 1364 835 1424; x_wconf 87' lang='lat' dir='ltr'><strong>sed</strong></span> <span class='ocrx_word' id='word_1_110' title='bbox 859 1365 1008 1423; x_wconf 88' lang='lat' dir='ltr'><strong>schemate</strong></span> <span class='ocrx_word' id='word_1_111' title='bbox 1032 1366 1144 1437; x_wconf 89' lang='lat' dir='ltr'><strong>carent,</strong></span> 
     </span>
     <span class='ocr_line' id='line_1_15' title="bbox 121 1454 1145 1531; baseline -0.003 -18"><span class='ocrx_word' id='word_1_112' title='bbox 121 1458 271 1531; x_wconf 90' lang='lat' dir='ltr'><strong>utsupra</strong></span> <span class='ocrx_word' id='word_1_113' title='bbox 294 1454 364 1528; x_wconf 83' lang='lat' dir='ltr'><strong>dixi,</strong></span> <span class='ocrx_word' id='word_1_114' title='bbox 387 1456 510 1512; x_wconf 92' lang='lat' dir='ltr'><strong>nomina</strong></span> <span class='ocrx_word' id='word_1_115' title='bbox 532 1454 677 1513; x_wconf 89' lang='lat' dir='ltr'><strong>feminina</strong></span> <span class='ocrx_word' id='word_1_116' title='bbox 701 1454 809 1528; x_wconf 87' lang='lat' dir='ltr'><strong>quibus</strong></span> <span class='ocrx_word' id='word_1_117' title='bbox 833 1472 930 1512; x_wconf 87' lang='lat' dir='ltr'><strong>mares</strong></span> <span class='ocrx_word' id='word_1_118' title='bbox 953 1455 1090 1526; x_wconf 82' lang='lat' dir='ltr'><strong>utuntur,</strong></span> <span class='ocrx_word' id='word_1_119' title='bbox 1115 1455 1145 1511; x_wconf 91' lang='lat' dir='ltr'><strong>et</strong></span> 
     </span>
     <span class='ocr_line' id='line_1_16' title="bbox 122 1543 1180 1619; baseline 0.001 -17"><span class='ocrx_word' id='word_1_120' title='bbox 122 1544 274 1603; x_wconf 85' lang='lat' dir='ltr'><strong>neutralia</strong></span> <span class='ocrx_word' id='word_1_121' title='bbox 296 1543 404 1619; x_wconf 89' lang='lat' dir='ltr'><strong>quibus</strong></span> <span class='ocrx_word' id='word_1_122' title='bbox 428 1544 566 1603; x_wconf 87' lang='lat' dir='ltr'><strong>feminae.</strong></span> <span class='ocrx_word' id='word_1_123' title='bbox 606 1544 750 1602; x_wconf 89' lang='lat' dir='ltr'><strong>hactenus</strong></span> <span class='ocrx_word' id='word_1_124' title='bbox 774 1543 809 1602; x_wconf 92' lang='lat' dir='ltr'><strong>de</strong></span> <span class='ocrx_word' id='word_1_125' title='bbox 833 1544 1023 1602; x_wconf 87' lang='lat' dir='ltr'><strong>soloecismo:</strong></span> <span class='ocrx_word' id='word_1_126' title='bbox 1047 1561 1145 1617; x_wconf 89' lang='lat' dir='ltr'><strong>neque</strong></span> <span class='ocrx_word' id='word_1_127' title='bbox 1158 1562 1180 1603; x_wconf 81' lang='lat' dir='ltr'><strong>u</strong></span> 
     </span>
     <span class='ocr_line' id='line_1_17' title="bbox 123 1631 1146 1710; baseline -0.003 -18"><span class='ocrx_word' id='word_1_128' title='bbox 123 1636 203 1692; x_wconf 91' lang='lat' dir='ltr'><strong>euim</strong></span> <span class='ocrx_word' id='word_1_129' title='bbox 226 1637 321 1692; x_wconf 89' lang='lat' dir='ltr'><strong>artem</strong></span> <span class='ocrx_word' id='word_1_130' title='bbox 345 1635 573 1710; x_wconf 83' lang='lat' dir='ltr'><strong>grammaticam</strong></span> <span class='ocrx_word' id='word_1_131' title='bbox 596 1652 771 1709; x_wconf 90' lang='lat' dir='ltr'><strong>componere</strong></span> <span class='ocrx_word' id='word_1_132' title='bbox 795 1633 929 1709; x_wconf 83' lang='lat' dir='ltr'><strong>adgressi</strong></span> <span class='ocrx_word' id='word_1_133' title='bbox 952 1651 1064 1708; x_wconf 80' lang='lat' dir='ltr'><strong>sumus,</strong></span> <span class='ocrx_word' id='word_1_134' title='bbox 1094 1631 1146 1690; x_wconf 90' lang='lat' dir='ltr'><strong>sed</strong></span> 
     </span>
     <span class='ocr_line' id='line_1_18' title="bbox 124 1721 1145 1797; baseline -0.003 -16"><span class='ocrx_word' id='word_1_135' title='bbox 124 1741 192 1781; x_wconf 87' lang='lat' dir='ltr'><strong>cum</strong></span> <span class='ocrx_word' id='word_1_136' title='bbox 210 1724 243 1781; x_wconf 92' lang='lat' dir='ltr'><strong>in</strong></span> <span class='ocrx_word' id='word_1_137' title='bbox 261 1722 395 1781; x_wconf 87' lang='lat' dir='ltr'><strong>ordinem</strong></span> <span class='ocrx_word' id='word_1_138' title='bbox 413 1725 585 1797; x_wconf 79' lang='lat' dir='ltr'><strong>incurreret,</strong></span> <span class='ocrx_word' id='word_1_139' title='bbox 603 1723 816 1782; x_wconf 83' lang='lat' dir='ltr'><strong>inhonoratam</strong></span> <span class='ocrx_word' id='word_1_140' title='bbox 833 1723 963 1781; x_wconf 90' lang='lat' dir='ltr'><strong>transire</strong></span> <span class='ocrx_word' id='word_1_141' title='bbox 982 1721 1145 1780; x_wconf 85' lang='lat' dir='ltr'><strong>noluimus.</strong></span> 
     </span>
     <span class='ocr_line' id='line_1_19' title="bbox 70 1810 1147 1887; baseline -0.001 -18"><span class='ocrx_word' id='word_1_142' title='bbox 70 1821 109 1878; x_wconf 87' lang='grc'><strong>55</strong></span> <span class='ocrx_word' id='word_1_143' title='bbox 191 1811 256 1871; x_wconf 89' lang='lat' dir='ltr'><strong>Hoc</strong></span> <span class='ocrx_word' id='word_1_144' title='bbox 279 1812 418 1887; x_wconf 86' lang='lat' dir='ltr'><strong>amplius,</strong></span> <span class='ocrx_word' id='word_1_145' title='bbox 441 1813 476 1869; x_wconf 89' lang='lat' dir='ltr'><strong>ut</strong></span> <span class='ocrx_word' id='word_1_146' title='bbox 493 1814 669 1870; x_wconf 90' lang='lat' dir='ltr'><strong>institutum</strong></span> <span class='ocrx_word' id='word_1_147' title='bbox 687 1811 820 1871; x_wconf 85' lang='lat' dir='ltr'><strong>ordinem</strong></span> <span class='ocrx_word' id='word_1_148' title='bbox 840 1831 957 1887; x_wconf 83' lang='lat' dir='ltr'><strong>sequar,</strong></span> <span class='ocrx_word' id='word_1_149' title='bbox 981 1810 1073 1869; x_wconf 90' lang='lat' dir='ltr'><strong>verba</strong></span> <span class='ocrx_word' id='word_1_150' title='bbox 1092 1813 1147 1869; x_wconf 88' lang='lat' dir='ltr'><strong>aut</strong></span> 
     </span>
     <span class='ocr_line' id='line_1_20' title="bbox 125 1899 1146 1979; baseline -0.001 -20"><span class='ocrx_word' id='word_1_151' title='bbox 125 1901 235 1960; x_wconf 86' lang='lat' dir='ltr'><strong>Latina</strong></span> <span class='ocrx_word' id='word_1_152' title='bbox 263 1903 316 1959; x_wconf 88' lang='lat' dir='ltr'><strong>aut</strong></span> <span class='ocrx_word' id='word_1_153' title='bbox 342 1903 500 1978; x_wconf 87' lang='lat' dir='ltr'><strong>peregrina</strong></span> <span class='ocrx_word' id='word_1_154' title='bbox 523 1904 601 1960; x_wconf 89' lang='lat' dir='ltr'><strong>sunt.</strong></span> <span class='ocrx_word' id='word_1_155' title='bbox 641 1903 799 1979; x_wconf 86' lang='lat' dir='ltr'><strong>peregrina</strong></span> <span class='ocrx_word' id='word_1_156' title='bbox 826 1920 915 1975; x_wconf 92' lang='lat' dir='ltr'><strong>porro</strong></span> <span class='ocrx_word' id='word_1_157' title='bbox 944 1919 979 1959; x_wconf 84' lang='lat' dir='ltr'><strong>ex</strong></span> <span class='ocrx_word' id='word_1_158' title='bbox 1006 1899 1146 1958; x_wconf 91' lang='lat' dir='ltr'><strong>omnibus</strong></span> 
     </span>
     <span class='ocr_line' id='line_1_21' title="bbox 123 1989 1183 2068; baseline 0 -19"><span class='ocrx_word' id='word_1_159' title='bbox 123 2009 217 2066; x_wconf 88' lang='lat' dir='ltr'><strong>prope</strong></span> <span class='ocrx_word' id='word_1_160' title='bbox 249 1990 374 2048; x_wconf 88' lang='lat' dir='ltr'><strong>dixerim</strong></span> <span class='ocrx_word' id='word_1_161' title='bbox 404 1989 542 2068; x_wconf 82' lang='lat' dir='ltr'><strong>gentibus</strong></span> <span class='ocrx_word' id='word_1_162' title='bbox 572 1993 606 2048; x_wconf 92' lang='lat' dir='ltr'><strong>ut</strong></span> <span class='ocrx_word' id='word_1_163' title='bbox 635 1991 784 2064; x_wconf 78' lang='lat' dir='ltr'><strong>homineS,</strong></span> <span class='ocrx_word' id='word_1_164' title='bbox 816 1994 850 2048; x_wconf 91' lang='lat' dir='ltr'><strong>ut</strong></span> <span class='ocrx_word' id='word_1_165' title='bbox 880 1991 1023 2048; x_wconf 91' lang='lat' dir='ltr'><strong>instituta</strong></span> <span class='ocrx_word' id='word_1_166' title='bbox 1053 1991 1183 2049; x_wconf 76' lang='lat' dir='ltr'><strong>etiamst</strong></span> 
     </span>
     <span class='ocr_line' id='line_1_22' title="bbox 71 2078 1148 2146; baseline -0.001 -8"><span class='ocrx_word' id='word_1_167' title='bbox 71 2090 111 2146; x_wconf 79' lang='grc'><strong>56</strong></span> <span class='ocrx_word' id='word_1_168' title='bbox 124 2080 221 2138; x_wconf 88' lang='lat' dir='ltr'><strong>multa</strong></span> <span class='ocrx_word' id='word_1_169' title='bbox 243 2081 396 2138; x_wconf 80' lang='lat' dir='ltr'><strong>venerrmt.</strong></span> <span class='ocrx_word' id='word_1_170' title='bbox 420 2083 505 2139; x_wconf 91' lang='lat' dir='ltr'><strong>taceo</strong></span> <span class='ocrx_word' id='word_1_171' title='bbox 529 2078 564 2138; x_wconf 92' lang='lat' dir='ltr'><strong>de</strong></span> <span class='ocrx_word' id='word_1_172' title='bbox 583 2080 688 2139; x_wconf 81' lang='lat' dir='ltr'><strong>Tuscis</strong></span> <span class='ocrx_word' id='word_1_173' title='bbox 707 2083 737 2139; x_wconf 88' lang='lat' dir='ltr'><strong>et</strong></span> <span class='ocrx_word' id='word_1_174' title='bbox 757 2078 875 2138; x_wconf 84' lang='lat' dir='ltr'><strong>Sabinis</strong></span> <span class='ocrx_word' id='word_1_175' title='bbox 894 2084 924 2138; x_wconf 91' lang='lat' dir='ltr'><strong>et</strong></span> <span class='ocrx_word' id='word_1_176' title='bbox 943 2079 1148 2137; x_wconf 76' lang='lat' dir='ltr'><strong>Praenestinis</strong></span> 
     </span>
     <span class='ocr_line' id='line_1_23' title="bbox 125 2160 1148 2250; baseline -0.002 -22"><span class='ocrx_word' id='word_1_177' title='bbox 125 2188 243 2245; x_wconf 88' lang='lat' dir='ltr'><strong>quoque</strong></span> <span class='ocrx_word' id='word_1_178' title='bbox 267 2160 351 2250; x_wconf 89' lang='lat' dir='ltr'><strong>(nam</strong></span> <span class='ocrx_word' id='word_1_179' title='bbox 374 2172 409 2228; x_wconf 91' lang='lat' dir='ltr'><strong>ut</strong></span> <span class='ocrx_word' id='word_1_180' title='bbox 431 2189 533 2228; x_wconf 89' lang='lat' dir='ltr'><strong>eorum</strong></span> <span class='ocrx_word' id='word_1_181' title='bbox 552 2188 686 2228; x_wconf 89' lang='lat' dir='ltr'><strong>sermone</strong></span> <span class='ocrx_word' id='word_1_182' title='bbox 705 2172 839 2228; x_wconf 88' lang='lat' dir='ltr'><strong>utentem</strong></span> <span class='ocrx_word' id='word_1_183' title='bbox 856 2169 993 2226; x_wconf 89' lang='lat' dir='ltr'><strong>Vettium</strong></span> <span class='ocrx_word' id='word_1_184' title='bbox 1011 2167 1148 2226; x_wconf 88' lang='lat' dir='ltr'><strong>Lucilius</strong></span> 
     </span>
     <span class='ocr_line' id='line_1_24' title="bbox 125 2255 1149 2333; baseline -0.002 -17"><span class='ocrx_word' id='word_1_185' title='bbox 125 2261 302 2333; x_wconf 81' lang='lat' dir='ltr'><strong>insectatur,</strong></span> <span class='ocrx_word' id='word_1_186' title='bbox 335 2277 424 2333; x_wconf 91' lang='lat' dir='ltr'><strong>quem</strong></span> <span class='ocrx_word' id='word_1_187' title='bbox 455 2258 495 2317; x_wconf 88' lang='lat' dir='ltr'><strong>ad</strong></span> <span class='ocrx_word' id='word_1_188' title='bbox 526 2259 647 2317; x_wconf 90' lang='lat' dir='ltr'><strong>modum</strong></span> <span class='ocrx_word' id='word_1_189' title='bbox 678 2258 777 2318; x_wconf 88' lang='lat' dir='ltr'><strong>Pollio</strong></span> <span class='ocrx_word' id='word_1_190' title='bbox 810 2257 963 2333; x_wconf 86' lang='lat' dir='ltr'><strong>reprendit</strong></span> <span class='ocrx_word' id='word_1_191' title='bbox 994 2259 1027 2314; x_wconf 92' lang='lat' dir='ltr'><strong>in</strong></span> <span class='ocrx_word' id='word_1_192' title='bbox 1059 2255 1149 2315; x_wconf 84' lang='lat' dir='ltr'><strong>Livio</strong></span> 
     </span>
     <span class='ocr_line' id='line_1_25' title="bbox 124 2336 1149 2428; baseline -0.002 -21"><span class='ocrx_word' id='word_1_193' title='bbox 124 2340 390 2428; x_wconf 85' lang='lat' dir='ltr'><strong>Patavinitatem):</strong></span> <span class='ocrx_word' id='word_1_194' title='bbox 418 2348 488 2406; x_wconf 90' lang='lat' dir='ltr'><strong>licet</strong></span> <span class='ocrx_word' id='word_1_195' title='bbox 511 2350 612 2407; x_wconf 89' lang='lat' dir='ltr'><strong>omnia</strong></span> <span class='ocrx_word' id='word_1_196' title='bbox 634 2348 743 2407; x_wconf 85' lang='lat' dir='ltr'><strong>Italica</strong></span> <span class='ocrx_word' id='word_1_197' title='bbox 765 2367 819 2423; x_wconf 90' lang='lat' dir='ltr'><strong>pro</strong></span> <span class='ocrx_word' id='word_1_198' title='bbox 843 2347 987 2406; x_wconf 88' lang='lat' dir='ltr'><strong>Romanis</strong></span> <span class='ocrx_word' id='word_1_199' title='bbox 1010 2336 1149 2405; x_wconf 90' lang='lat' dir='ltr'><strong>habeam.</strong></span> 
     </span>
     <span class='ocr_line' id='line_1_26' title="bbox 73 2431 1185 2512; baseline 0.002 -18"><span class='ocrx_word' id='word_1_200' title='bbox 73 2447 109 2503; x_wconf 79' lang='grc'><strong>57</strong></span> <span class='ocrx_word' id='word_1_201' title='bbox 126 2437 257 2512; x_wconf 89' lang='lat' dir='ltr'><strong>plurima</strong></span> <span class='ocrx_word' id='word_1_202' title='bbox 290 2435 406 2494; x_wconf 86' lang='lat' dir='ltr'><strong>Gallica</strong></span> <span class='ocrx_word' id='word_1_203' title='bbox 442 2437 619 2496; x_wconf 81' lang='lat' dir='ltr'><strong>evaluerunt</strong></span> <span class='ocrx_word' id='word_1_204' title='bbox 650 2439 685 2495; x_wconf 88' lang='lat' dir='ltr'><strong>ut</strong></span> <span class='ocrx_word' id='word_1_205' title='bbox 718 2433 830 2495; x_wconf 79' lang='lat' dir='ltr'><strong>‘raeda’</strong></span> <span class='ocrx_word' id='word_1_206' title='bbox 865 2455 900 2495; x_wconf 89' lang='lat' dir='ltr'><strong>ac</strong></span> <span class='ocrx_word' id='word_1_207' title='bbox 933 2431 1150 2511; x_wconf 80' lang='lat' dir='ltr'><strong>‘petorritum&#39;,</strong></span> <span class='ocrx_word' id='word_1_208' title='bbox 1163 2457 1185 2496; x_wconf 80' lang='lat' dir='ltr'><strong>a</strong></span> 
     </span>
     <span class='ocr_line' id='line_1_27' title="bbox 127 2525 1151 2602; baseline -0.002 -17"><span class='ocrx_word' id='word_1_209' title='bbox 127 2545 253 2601; x_wconf 91' lang='lat' dir='ltr'><strong>quorum</strong></span> <span class='ocrx_word' id='word_1_210' title='bbox 283 2525 378 2584; x_wconf 91' lang='lat' dir='ltr'><strong>altero</strong></span> <span class='ocrx_word' id='word_1_211' title='bbox 408 2529 509 2584; x_wconf 88' lang='lat' dir='ltr'><strong>tamen</strong></span> <span class='ocrx_word' id='word_1_212' title='bbox 538 2525 649 2602; x_wconf 78' lang='lat' dir='ltr'><strong>Cicero,</strong></span> <span class='ocrx_word' id='word_1_213' title='bbox 680 2527 774 2586; x_wconf 90' lang='lat' dir='ltr'><strong>altero</strong></span> <span class='ocrx_word' id='word_1_214' title='bbox 802 2526 946 2585; x_wconf 89' lang='lat' dir='ltr'><strong>Horatius</strong></span> <span class='ocrx_word' id='word_1_215' title='bbox 974 2527 1081 2584; x_wconf 89' lang='lat' dir='ltr'><strong>utitur.</strong></span> <span class='ocrx_word' id='word_1_216' title='bbox 1120 2528 1151 2583; x_wconf 93' lang='lat' dir='ltr'><strong>et</strong></span> 
     </span>
     <span class='ocr_line' id='line_1_28' title="bbox 127 2608 1150 2691; baseline -0.001 -17"><span class='ocrx_word' id='word_1_217' title='bbox 127 2608 291 2691; x_wconf 75' lang='lat' dir='ltr'><strong>‘mappam&#39;</strong></span> <span class='ocrx_word' id='word_1_218' title='bbox 315 2617 392 2674; x_wconf 89' lang='lat' dir='ltr'><strong>circo</strong></span> <span class='ocrx_word' id='word_1_219' title='bbox 417 2635 534 2691; x_wconf 91' lang='lat' dir='ltr'><strong>quoque</strong></span> <span class='ocrx_word' id='word_1_220' title='bbox 557 2618 704 2675; x_wconf 89' lang='lat' dir='ltr'><strong>usitatum</strong></span> <span class='ocrx_word' id='word_1_221' title='bbox 727 2635 835 2675; x_wconf 90' lang='lat' dir='ltr'><strong>nomen</strong></span> <span class='ocrx_word' id='word_1_222' title='bbox 857 2615 950 2674; x_wconf 88' lang='lat' dir='ltr'><strong>Poeni</strong></span> <span class='ocrx_word' id='word_1_223' title='bbox 973 2614 1032 2673; x_wconf 90' lang='lat' dir='ltr'><strong>sibi</strong></span> <span class='ocrx_word' id='word_1_224' title='bbox 1050 2615 1150 2673; x_wconf 88' lang='lat' dir='ltr'><strong>vindi·</strong></span> 
     </span>
     <span class='ocr_line' id='line_1_29' title="bbox 128 2698 1151 2781; baseline 0 -18"><span class='ocrx_word' id='word_1_225' title='bbox 128 2707 205 2779; x_wconf 83' lang='lat' dir='ltr'><strong>cant,</strong></span> <span class='ocrx_word' id='word_1_226' title='bbox 238 2707 268 2763; x_wconf 92' lang='lat' dir='ltr'><strong>et</strong></span> <span class='ocrx_word' id='word_1_227' title='bbox 301 2698 444 2781; x_wconf 80' lang='lat' dir='ltr'><strong>‘gurdus’,</strong></span> <span class='ocrx_word' id='word_1_228' title='bbox 478 2711 551 2779; x_wconf 84' lang='lat' dir='ltr'><strong>qu&#39;os</strong></span> <span class='ocrx_word' id='word_1_229' title='bbox 582 2723 636 2780; x_wconf 88' lang='lat' dir='ltr'><strong>pro</strong></span> <span class='ocrx_word' id='word_1_230' title='bbox 667 2706 784 2765; x_wconf 89' lang='lat' dir='ltr'><strong>stolidis</strong></span> <span class='ocrx_word' id='word_1_231' title='bbox 816 2706 926 2780; x_wconf 89' lang='lat' dir='ltr'><strong>accipit</strong></span> <span class='ocrx_word' id='word_1_232' title='bbox 955 2704 1081 2781; x_wconf 80' lang='lat' dir='ltr'><strong>vulgus,</strong></span> <span class='ocrx_word' id='word_1_233' title='bbox 1115 2724 1151 2763; x_wconf 86' lang='lat' dir='ltr'><strong>ex</strong></span> 
     </span>
     <span class='ocr_line' id='line_1_30' title="bbox 74 2793 1151 2872; baseline 0 -21"><span class='ocrx_word' id='word_1_234' title='bbox 74 2804 113 2861; x_wconf 82' lang='grc'><strong>58</strong></span> <span class='ocrx_word' id='word_1_235' title='bbox 127 2793 276 2869; x_wconf 89' lang='lat' dir='ltr'><strong>Hispania</strong></span> <span class='ocrx_word' id='word_1_236' title='bbox 305 2793 423 2853; x_wconf 84' lang='lat' dir='ltr'><strong>duxisse</strong></span> <span class='ocrx_word' id='word_1_237' title='bbox 450 2794 596 2872; x_wconf 83' lang='lat' dir='ltr'><strong>originem</strong></span> <span class='ocrx_word' id='word_1_238' title='bbox 624 2794 734 2853; x_wconf 88' lang='lat' dir='ltr'><strong>audivi.</strong></span> <span class='ocrx_word' id='word_1_239' title='bbox 776 2795 828 2853; x_wconf 88' lang='lat' dir='ltr'><strong>sed</strong></span> <span class='ocrx_word' id='word_1_240' title='bbox 850 2795 924 2852; x_wconf 85' lang='lat' dir='ltr'><strong>haee</strong></span> <span class='ocrx_word' id='word_1_241' title='bbox 948 2793 1057 2852; x_wconf 83' lang='lat' dir='ltr'><strong>divisio</strong></span> <span class='ocrx_word' id='word_1_242' title='bbox 1083 2813 1151 2852; x_wconf 88' lang='lat' dir='ltr'><strong>mea</strong></span> 
     </span>
     <span class='ocr_line' id='line_1_31' title="bbox 129 2881 1188 2960; baseline 0.003 -19"><span class='ocrx_word' id='word_1_243' title='bbox 129 2883 166 2941; x_wconf 89' lang='lat' dir='ltr'><strong>ad</strong></span> <span class='ocrx_word' id='word_1_244' title='bbox 185 2881 330 2942; x_wconf 79' lang='lat' dir='ltr'><strong>Graecum</strong></span> <span class='ocrx_word' id='word_1_245' title='bbox 350 2901 516 2942; x_wconf 88' lang='lat' dir='ltr'><strong>sermonem</strong></span> <span class='ocrx_word' id='word_1_246' title='bbox 534 2887 692 2960; x_wconf 88' lang='lat' dir='ltr'><strong>praecipue</strong></span> <span class='ocrx_word' id='word_1_247' title='bbox 711 2885 856 2959; x_wconf 80' lang='lat' dir='ltr'><strong>pertinet3</strong></span> <span class='ocrx_word' id='word_1_248' title='bbox 879 2901 950 2941; x_wconf 91' lang='lat' dir='ltr'><strong>nam</strong></span> <span class='ocrx_word' id='word_1_249' title='bbox 969 2885 999 2941; x_wconf 93' lang='lat' dir='ltr'><strong>et</strong></span> <span class='ocrx_word' id='word_1_250' title='bbox 1016 2885 1188 2944; x_wconf 71' lang='lat' dir='ltr'><strong>maximam</strong></span> 
     </span>
     <span class='ocr_line' id='line_1_32' title="bbox 129 2971 1152 3048; baseline 0.002 -18"><span class='ocrx_word' id='word_1_251' title='bbox 129 2991 163 3030; x_wconf 84' lang='lat' dir='ltr'><strong>ex</strong></span> <span class='ocrx_word' id='word_1_252' title='bbox 186 2975 272 3048; x_wconf 88' lang='lat' dir='ltr'><strong>parte</strong></span> <span class='ocrx_word' id='word_1_253' title='bbox 295 2971 448 3031; x_wconf 88' lang='lat' dir='ltr'><strong>Romanus</strong></span> <span class='ocrx_word' id='word_1_254' title='bbox 470 2973 539 3032; x_wconf 91' lang='lat' dir='ltr'><strong>inde</strong></span> <span class='ocrx_word' id='word_1_255' title='bbox 563 2992 721 3033; x_wconf 83' lang='lat' dir='ltr'><strong>conversus</strong></span> <span class='ocrx_word' id='word_1_256' title='bbox 741 2975 795 3047; x_wconf 84' lang='lat' dir='ltr'><strong>est,</strong></span> <span class='ocrx_word' id='word_1_257' title='bbox 819 2975 849 3032; x_wconf 92' lang='lat' dir='ltr'><strong>et</strong></span> <span class='ocrx_word' id='word_1_258' title='bbox 867 2972 1009 3032; x_wconf 87' lang='lat' dir='ltr'><strong>confessis</strong></span> <span class='ocrx_word' id='word_1_259' title='bbox 1030 2991 1152 3048; x_wconf 90' lang='lat' dir='ltr'><strong>quoque</strong></span> 
     </span>
    </p>
   </div>
   <div class='ocr_carea' id='block_1_3' title="bbox 201 3142 1151 3214">
    <p class='ocr_par' dir='ltr' id='par_1_3' title="bbox 201 3142 1151 3214">
     <span class='ocr_line' id='line_1_33' title="bbox 201 3142 1151 3214; baseline 0 -18"><span class='ocrx_word' id='word_1_260' title='bbox 201 3142 1151 3214; x_wconf 62' lang='lat' dir='ltr'><strong>arfrg.raaauarx-mundiore-Sat.1‚c,1043Ep.2‚1‚1er</strong></span> 
     </span>
    </p>
   </div>
   <div class='ocr_carea' id='block_1_4' title="bbox 112 3303 1153 3586">
    <p class='ocr_par' dir='ltr' id='par_1_4' title="bbox 112 3303 1153 3586">
     <span class='ocr_line' id='line_1_34' title="bbox 202 3303 1153 3375; baseline -0.001 -16"><span class='ocrx_word' id='word_1_261' title='bbox 202 3311 217 3358; x_wconf 79' lang='lat'><strong>2</strong></span> <span class='ocrx_word' id='word_1_262' title='bbox 238 3305 372 3359; x_wconf 90' lang='lat' dir='ltr'><strong>a&#39;ccidunt</strong></span> <span class='ocrx_word' id='word_1_263' title='bbox 390 3308 461 3375; x_wconf 76' lang='lat' dir='ltr'><strong>BP}</strong></span> <span class='ocrx_word' id='word_1_264' title='bbox 479 3304 565 3358; x_wconf 88' lang='lat' dir='ltr'><strong>etiam</strong></span> <span class='ocrx_word' id='word_1_265' title='bbox 583 3314 648 3360; x_wconf 79' lang='lat' dir='ltr'><strong>BP:</strong></span> <span class='ocrx_word' id='word_1_266' title='bbox 668 3304 743 3358; x_wconf 91' lang='lat' dir='ltr'><strong>enim</strong></span> <span class='ocrx_word' id='word_1_267' title='bbox 762 3315 784 3356; x_wconf 77' lang='lat' dir='ltr'><em>A</em></span> <span class='ocrx_word' id='word_1_268' title='bbox 858 3310 873 3357; x_wconf 78' lang='grc' dir='ltr'>ὅ</span> <span class='ocrx_word' id='word_1_269' title='bbox 892 3306 925 3358; x_wconf 91' lang='lat' dir='ltr'><strong>ut</strong></span> <span class='ocrx_word' id='word_1_270' title='bbox 943 3303 1004 3357; x_wconf 88' lang='lat' dir='ltr'><strong>ludi</strong></span> <span class='ocrx_word' id='word_1_271' title='bbox 1018 3303 1068 3358; x_wconf 79' lang='lat' dir='ltr'><strong>A²r</strong></span> <span class='ocrx_word' id='word_1_272' title='bbox 1089 3303 1153 3358; x_wconf 89' lang='lat' dir='ltr'><strong>ludi</strong></span> 
     </span>
     <span class='ocr_line' id='line_1_35' title="bbox 130 3376 1153 3444; baseline 0.003 -15"><span class='ocrx_word' id='word_1_273' title='bbox 130 3378 166 3429; x_wconf 71' lang='grc' dir='ltr'><strong>Α1</strong></span> <span class='ocrx_word' id='word_1_274' title='bbox 192 3380 221 3432; x_wconf 92' lang='lat' dir='ltr'><strong>et</strong></span> <span class='ocrx_word' id='word_1_275' title='bbox 242 3377 305 3430; x_wconf 92' lang='lat' dir='ltr'><strong>ludi</strong></span> <span class='ocrx_word' id='word_1_276' title='bbox 326 3386 381 3431; x_wconf 76' lang='grc' dir='ltr'><strong>ΒΡ</strong></span> <span class='ocrx_word' id='word_1_277' title='bbox 471 3382 502 3429; x_wconf 89' lang='grc'><strong>11</strong></span> <span class='ocrx_word' id='word_1_278' title='bbox 523 3376 570 3430; x_wconf 88' lang='lat' dir='ltr'><strong>hic</strong></span> <span class='ocrx_word' id='word_1_279' title='bbox 586 3386 652 3430; x_wconf 79' lang='lat' dir='ltr'><strong>BP:</strong></span> <span class='ocrx_word' id='word_1_280' title='bbox 678 3376 709 3429; x_wconf 93' lang='lat' dir='ltr'><strong>id</strong></span> <span class='ocrx_word' id='word_1_281' title='bbox 728 3386 751 3427; x_wconf 79' lang='lat' dir='ltr'><strong><em>A</em></strong></span> <span class='ocrx_word' id='word_1_282' title='bbox 843 3380 949 3428; x_wconf 77' lang='lat'>22-24</span> <span class='ocrx_word' id='word_1_283' title='bbox 970 3378 1153 3444; x_wconf 72' lang='lat' dir='ltr'><strong>parenthesin</strong></span> 
     </span>
     <span class='ocr_line' id='line_1_36' title="bbox 130 3446 1152 3519; baseline 0.002 -17"><span class='ocrx_word' id='word_1_284' title='bbox 130 3450 285 3519; x_wconf 71' lang='lat' dir='ltr'><strong>sipnifiecoi</strong></span> <span class='ocrx_word' id='word_1_285' title='bbox 304 3450 335 3516; x_wconf 78' lang='lat' dir='ltr'><strong>cs</strong></span> <span class='ocrx_word' id='word_1_286' title='bbox 351 3450 427 3504; x_wconf 80' lang='lat' dir='ltr'><strong>Mas.</strong></span> <span class='ocrx_word' id='word_1_287' title='bbox 448 3450 534 3504; x_wconf 79' lang='lat' dir='ltr'><strong>Rhea.</strong></span> <span class='ocrx_word' id='word_1_288' title='bbox 557 3453 625 3502; x_wconf 82' lang='lat'>1905</span> <span class='ocrx_word' id='word_1_289' title='bbox 644 3466 672 3518; x_wconf 91' lang='lat' dir='ltr'><strong>p.</strong></span> <span class='ocrx_word' id='word_1_290' title='bbox 693 3454 744 3501; x_wconf 65' lang='lat'>*24⁶2</span> <span class='ocrx_word' id='word_1_291' title='bbox 827 3453 860 3500; x_wconf 77' lang='lat'><strong>23</strong></span> <span class='ocrx_word' id='word_1_292' title='bbox 881 3446 1031 3517; x_wconf 89' lang='lat' dir='ltr'><strong>deprendit</strong></span> <span class='ocrx_word' id='word_1_293' title='bbox 1049 3457 1079 3500; x_wconf 80' lang='lat' dir='ltr'><em>B</em></span> <span class='ocrx_word' id='word_1_294' title='bbox 1104 3449 1152 3504; x_wconf 91' lang='lat' dir='ltr'><strong>de·</strong></span> 
     </span>
     <span class='ocr_line' id='line_1_37' title="bbox 112 3519 326 3586; baseline 0.014 -14"><span class='ocrx_word' id='word_1_295' title='bbox 112 3519 278 3586; x_wconf 80' lang='lat' dir='ltr'><strong>prehendit</strong></span> <span class='ocrx_word' id='word_1_296' title='bbox 294 3531 326 3575; x_wconf 84' lang='lat'><strong>1¹</strong></span> 
     </span>
    </p>
   </div>
   <div class='ocr_carea' id='block_1_5' title="bbox 0 0 1247 3854">
    <p class='ocr_par' dir='ltr' id='par_1_5' title="bbox 0 0 1247 3854">
     <span class='ocr_line' id='line_1_38' title="bbox 0 0 1247 3854; baseline 0 0"><span class='ocrx_word' id='word_1_297' title='bbox 0 0 1247 3854; x_wconf 95' lang='lat' dir='ltr'><strong> </strong></span> 
     </span>
    </p>
   </div>
  </div>
 </body>
</html>
