<?xml version="1.0" encoding="UTF-8"?>
<!DOCTYPE html PUBLIC "-//W3C//DTD XHTML 1.0 Transitional//EN"
    "http://www.w3.org/TR/xhtml1/DTD/xhtml1-transitional.dtd">
<html xmlns="http://www.w3.org/1999/xhtml" xml:lang="en" lang="en">
 <head>
  <title>
</title>
<meta http-equiv="Content-Type" content="text/html;charset=utf-8" />
  <meta name='ocr-system' content='tesseract 3.04.00' />
  <meta name='ocr-capabilities' content='ocr_page ocr_carea ocr_par ocr_line ocrx_word'/>
</head>
<body>
  <div class='ocr_page' id='page_1' title='image "./mfabiqvintilian00quingoog_0145.png"; bbox 0 0 2438 3832; ppageno 0'>
   <div class='ocr_carea' id='block_1_1' title="bbox 120 113 832 181">
    <p class='ocr_par' dir='ltr' id='par_1_1' title="bbox 120 113 832 181">
     <span class='ocr_line' id='line_1_1' title="bbox 120 113 832 181; baseline -0.011 -2"><span class='ocrx_word' id='word_1_1' title='bbox 120 115 184 179; x_wconf 79' lang='lat'><strong>126</strong></span> <span class='ocrx_word' id='word_1_2' title='bbox 418 113 754 181; x_wconf 75' lang='lat' dir='ltr'><strong>QVEiTthANHNST.</strong></span> <span class='ocrx_word' id='word_1_3' title='bbox 775 113 832 171; x_wconf 82' lang='grc' dir='ltr'><strong>ΟΒ.</strong></span> 
     </span>
    </p>
   </div>
   <div class='ocr_carea' id='block_1_2' title="bbox 64 283 1164 895">
    <p class='ocr_par' dir='ltr' id='par_1_2' title="bbox 64 283 1164 895">
     <span class='ocr_line' id='line_1_2' title="bbox 117 283 1164 359; baseline -0.001 -17"><span class='ocrx_word' id='word_1_4' title='bbox 117 283 292 359; x_wconf 84' lang='lat' dir='ltr'><strong>accepimus,</strong></span> <span class='ocrx_word' id='word_1_5' title='bbox 315 284 446 358; x_wconf 86' lang='lat' dir='ltr'><strong>positam</strong></span> <span class='ocrx_word' id='word_1_6' title='bbox 467 284 553 343; x_wconf 86' lang='lat' dir='ltr'><strong>nobis</strong></span> <span class='ocrx_word' id='word_1_7' title='bbox 577 302 639 344; x_wconf 85' lang='lat' dir='ltr'><strong>esse</strong></span> <span class='ocrx_word' id='word_1_8' title='bbox 661 283 820 343; x_wconf 78' lang='lat' dir='ltr'><strong>materiam</strong></span> <span class='ocrx_word' id='word_1_9' title='bbox 845 284 1018 359; x_wconf 84' lang='lat' dir='ltr'><strong>frequenter</strong></span> <span class='ocrx_word' id='word_1_10' title='bbox 1041 284 1164 342; x_wconf 73' lang='lat' dir='ltr'><strong>etiam</strong></span> 
     </span>
     <span class='ocr_line' id='line_1_3' title="bbox 64 366 1162 450; baseline 0 -21"><span class='ocrx_word' id='word_1_11' title='bbox 64 369 101 424; x_wconf 77' lang='lat'><strong>21</strong></span> <span class='ocrx_word' id='word_1_12' title='bbox 116 372 303 448; x_wconf 77' lang='lat' dir='ltr'>praefatione</span> <span class='ocrx_word' id='word_1_13' title='bbox 338 375 492 432; x_wconf 72' lang='lat' dir='ltr'><strong>testamur.</strong></span> <span class='ocrx_word' id='word_1_14' title='bbox 530 371 656 450; x_wconf 78' lang='lat' dir='ltr'><strong>Gorgias</strong></span> <span class='ocrx_word' id='word_1_15' title='bbox 688 372 808 448; x_wconf 86' lang='lat' dir='ltr'><strong>quidem</strong></span> <span class='ocrx_word' id='word_1_16' title='bbox 839 372 914 432; x_wconf 83' lang='lat' dir='ltr'><strong>adeo</strong></span> <span class='ocrx_word' id='word_1_17' title='bbox 945 373 1060 432; x_wconf 85' lang='lat' dir='ltr'><strong>rhetori</strong></span> <span class='ocrx_word' id='word_1_18' title='bbox 1094 366 1162 429; x_wconf 66' lang='lat' dir='ltr'><strong>de</strong></span> 
     </span>
     <span class='ocr_line' id='line_1_4' title="bbox 118 455 1159 536; baseline -0.007 -15"><span class='ocrx_word' id='word_1_19' title='bbox 118 460 254 521; x_wconf 90' lang='lat' dir='ltr'><strong>omnibus</strong></span> <span class='ocrx_word' id='word_1_20' title='bbox 297 463 419 536; x_wconf 84' lang='lat' dir='ltr'><strong>putavit</strong></span> <span class='ocrx_word' id='word_1_21' title='bbox 460 480 522 521; x_wconf 87' lang='lat' dir='ltr'><strong>esse</strong></span> <span class='ocrx_word' id='word_1_22' title='bbox 564 460 732 535; x_wconf 86' lang='lat' dir='ltr'><strong>dicendum,</strong></span> <span class='ocrx_word' id='word_1_23' title='bbox 768 464 803 520; x_wconf 90' lang='lat' dir='ltr'><strong>ut</strong></span> <span class='ocrx_word' id='word_1_24' title='bbox 838 480 870 521; x_wconf 84' lang='lat' dir='ltr'><strong>se</strong></span> <span class='ocrx_word' id='word_1_25' title='bbox 905 463 939 520; x_wconf 94' lang='lat' dir='ltr'><strong>in</strong></span> <span class='ocrx_word' id='word_1_26' title='bbox 975 455 1159 521; x_wconf 78' lang='lat' dir='ltr'><strong>auditoriis</strong></span> 
     </span>
     <span class='ocr_line' id='line_1_5' title="bbox 116 550 1155 626; baseline -0.001 -19"><span class='ocrx_word' id='word_1_27' title='bbox 116 550 297 626; x_wconf 87' lang='lat' dir='ltr'><strong>interrogari</strong></span> <span class='ocrx_word' id='word_1_28' title='bbox 319 552 481 626; x_wconf 85' lang='lat' dir='ltr'><strong>pateretur,</strong></span> <span class='ocrx_word' id='word_1_29' title='bbox 509 569 570 626; x_wconf 91' lang='lat' dir='ltr'><strong>qua</strong></span> <span class='ocrx_word' id='word_1_30' title='bbox 594 551 718 626; x_wconf 89' lang='lat' dir='ltr'><strong>quisque</strong></span> <span class='ocrx_word' id='word_1_31' title='bbox 741 550 777 608; x_wconf 85' lang='lat' dir='ltr'><strong>&lt;ie</strong></span> <span class='ocrx_word' id='word_1_32' title='bbox 799 570 831 609; x_wconf 89' lang='lat' dir='ltr'><strong>re</strong></span> <span class='ocrx_word' id='word_1_33' title='bbox 861 551 961 611; x_wconf 86' lang='lat' dir='ltr'><strong>vellet.</strong></span> <span class='ocrx_word' id='word_1_34' title='bbox 1008 550 1155 610; x_wconf 77' lang='lat' dir='ltr'><strong>Herma·</strong></span> 
     </span>
     <span class='ocr_line' id='line_1_6' title="bbox 117 639 1152 716; baseline -0.001 -20"><span class='ocrx_word' id='word_1_35' title='bbox 117 657 205 716; x_wconf 84' lang='lat' dir='ltr'><strong>goras</strong></span> <span class='ocrx_word' id='word_1_36' title='bbox 229 658 346 714; x_wconf 92' lang='lat' dir='ltr'><strong>quoque</strong></span> <span class='ocrx_word' id='word_1_37' title='bbox 370 639 493 698; x_wconf 85' lang='lat' dir='ltr'><strong>dicendo</strong></span> <span class='ocrx_word' id='word_1_38' title='bbox 516 641 674 698; x_wconf 79' lang='lat' dir='ltr'><strong>materiam</strong></span> <span class='ocrx_word' id='word_1_39' title='bbox 697 656 760 698; x_wconf 85' lang='lat' dir='ltr'><strong>esse</strong></span> <span class='ocrx_word' id='word_1_40' title='bbox 782 640 814 698; x_wconf 92' lang='lat' dir='ltr'><strong>in</strong></span> <span class='ocrx_word' id='word_1_41' title='bbox 833 657 924 699; x_wconf 85' lang='lat' dir='ltr'><strong>causa</strong></span> <span class='ocrx_word' id='word_1_42' title='bbox 941 641 973 699; x_wconf 87' lang='lat' dir='ltr'><strong>et</strong></span> <span class='ocrx_word' id='word_1_43' title='bbox 990 639 1023 697; x_wconf 90' lang='lat' dir='ltr'><strong>in</strong></span> <span class='ocrx_word' id='word_1_44' title='bbox 1041 654 1152 714; x_wconf 57' lang='lat' dir='ltr'><strong>quae*</strong></span> 
     </span>
     <span class='ocr_line' id='line_1_7' title="bbox 64 725 1149 804; baseline -0.003 -18"><span class='ocrx_word' id='word_1_45' title='bbox 64 725 102 780; x_wconf 72' lang='lat'><strong>22</strong></span> <span class='ocrx_word' id='word_1_46' title='bbox 118 727 264 787; x_wconf 87' lang='lat' dir='ltr'><strong>stionibus</strong></span> <span class='ocrx_word' id='word_1_47' title='bbox 279 746 380 786; x_wconf 90' lang='lat' dir='ltr'><strong>omnes</strong></span> <span class='ocrx_word' id='word_1_48' title='bbox 395 747 441 787; x_wconf 86' lang='lat' dir='ltr'><strong>res</strong></span> <span class='ocrx_word' id='word_1_49' title='bbox 456 728 603 787; x_wconf 81' lang='lat' dir='ltr'><strong>subiectas</strong></span> <span class='ocrx_word' id='word_1_50' title='bbox 618 731 682 787; x_wconf 87' lang='lat' dir='ltr'><strong>erat</strong></span> <span class='ocrx_word' id='word_1_51' title='bbox 690 729 867 804; x_wconf 83' lang='lat' dir='ltr'><strong>complexus.</strong></span> <span class='ocrx_word' id='word_1_52' title='bbox 882 728 934 788; x_wconf 88' lang='lat' dir='ltr'><strong>sed</strong></span> <span class='ocrx_word' id='word_1_53' title='bbox 942 730 1149 804; x_wconf 79' lang='lat' dir='ltr'><strong>quaestiones</strong></span> 
     </span>
     <span class='ocr_line' id='line_1_8' title="bbox 117 808 1146 895; baseline -0.002 -20"><span class='ocrx_word' id='word_1_54' title='bbox 117 818 144 875; x_wconf 86' lang='lat' dir='ltr'><strong>si</strong></span> <span class='ocrx_word' id='word_1_55' title='bbox 175 820 266 893; x_wconf 85' lang='lat' dir='ltr'><strong>negat</strong></span> <span class='ocrx_word' id='word_1_56' title='bbox 303 815 341 874; x_wconf 85' lang='lat' dir='ltr'><strong>ad</strong></span> <span class='ocrx_word' id='word_1_57' title='bbox 372 817 538 876; x_wconf 81' lang='lat' dir='ltr'><strong>rhetoricen</strong></span> <span class='ocrx_word' id='word_1_58' title='bbox 570 819 729 895; x_wconf 85' lang='lat' dir='ltr'><strong>pertinere,</strong></span> <span class='ocrx_word' id='word_1_59' title='bbox 766 817 904 877; x_wconf 80' lang='lat' dir='ltr'><strong>dissentit</strong></span> <span class='ocrx_word' id='word_1_60' title='bbox 934 835 953 875; x_wconf 85' lang='lat' dir='ltr'><strong>a</strong></span> <span class='ocrx_word' id='word_1_61' title='bbox 980 817 1079 877; x_wconf 87' lang='lat' dir='ltr'><strong>nobis:</strong></span> <span class='ocrx_word' id='word_1_62' title='bbox 1107 808 1146 873; x_wconf 80' lang='lat' dir='ltr'><strong>si</strong></span> 
     </span>
    </p>
   </div>
   <div class='ocr_carea' id='block_1_3' title="bbox 64 906 1173 2046">
    <p class='ocr_par' dir='ltr' id='par_1_3' title="bbox 117 906 1141 1071">
     <span class='ocr_line' id='line_1_9' title="bbox 117 906 1141 982; baseline -0.001 -18"><span class='ocrx_word' id='word_1_63' title='bbox 117 907 219 965; x_wconf 89' lang='lat' dir='ltr'><strong>autern</strong></span> <span class='ocrx_word' id='word_1_64' title='bbox 242 906 281 964; x_wconf 86' lang='lat' dir='ltr'><strong>ad</strong></span> <span class='ocrx_word' id='word_1_65' title='bbox 303 906 470 964; x_wconf 80' lang='lat' dir='ltr'><strong>rhetoricen</strong></span> <span class='ocrx_word' id='word_1_66' title='bbox 488 907 648 981; x_wconf 86' lang='lat' dir='ltr'><strong>pertinent,</strong></span> <span class='ocrx_word' id='word_1_67' title='bbox 672 906 709 964; x_wconf 90' lang='lat' dir='ltr'><strong>ab</strong></span> <span class='ocrx_word' id='word_1_68' title='bbox 729 907 784 965; x_wconf 94' lang='lat' dir='ltr'><strong>hoc</strong></span> <span class='ocrx_word' id='word_1_69' title='bbox 803 925 921 982; x_wconf 90' lang='lat' dir='ltr'><strong>quoque</strong></span> <span class='ocrx_word' id='word_1_70' title='bbox 940 906 1141 973; x_wconf 81' lang='lat' dir='ltr'><strong>adiuvamur3</strong></span> 
     </span>
     <span class='ocr_line' id='line_1_10' title="bbox 117 993 1134 1071; baseline -0.003 -19"><span class='ocrx_word' id='word_1_71' title='bbox 117 995 194 1053; x_wconf 90' lang='lat' dir='ltr'><strong>nihil</strong></span> <span class='ocrx_word' id='word_1_72' title='bbox 213 998 258 1054; x_wconf 88' lang='lat' dir='ltr'><strong>est</strong></span> <span class='ocrx_word' id='word_1_73' title='bbox 276 996 363 1068; x_wconf 88' lang='lat' dir='ltr'><strong>enim,</strong></span> <span class='ocrx_word' id='word_1_74' title='bbox 383 995 462 1069; x_wconf 89' lang='lat' dir='ltr'><strong>quod</strong></span> <span class='ocrx_word' id='word_1_75' title='bbox 480 1013 540 1053; x_wconf 92' lang='lat' dir='ltr'><strong>non</strong></span> <span class='ocrx_word' id='word_1_76' title='bbox 558 997 591 1052; x_wconf 93' lang='lat' dir='ltr'><strong>in</strong></span> <span class='ocrx_word' id='word_1_77' title='bbox 610 1013 730 1054; x_wconf 82' lang='lat' dir='ltr'><strong>causam</strong></span> <span class='ocrx_word' id='word_1_78' title='bbox 749 998 801 1054; x_wconf 91' lang='lat' dir='ltr'><strong>aut</strong></span> <span class='ocrx_word' id='word_1_79' title='bbox 815 996 1021 1071; x_wconf 87' lang='lat' dir='ltr'><strong>quaestionem</strong></span> <span class='ocrx_word' id='word_1_80' title='bbox 1036 993 1134 1055; x_wconf 87' lang='lat' dir='ltr'><strong>cadat</strong></span> 
     </span>
    </p>

    <p class='ocr_par' dir='ltr' id='par_1_4' title="bbox 64 1082 1173 1336">
     <span class='ocr_line' id='line_1_11' title="bbox 64 1082 1173 1159; baseline -0.001 -17"><span class='ocrx_word' id='word_1_81' title='bbox 64 1082 102 1136; x_wconf 73' lang='lat'><strong>23</strong></span> <span class='ocrx_word' id='word_1_82' title='bbox 117 1083 294 1143; x_wconf 83' lang='lat' dir='ltr'><strong>Aristoteles</strong></span> <span class='ocrx_word' id='word_1_83' title='bbox 316 1084 372 1142; x_wconf 90' lang='lat' dir='ltr'><strong>tris</strong></span> <span class='ocrx_word' id='word_1_84' title='bbox 395 1083 530 1142; x_wconf 86' lang='lat' dir='ltr'><strong>faciendo</strong></span> <span class='ocrx_word' id='word_1_85' title='bbox 553 1085 654 1159; x_wconf 85' lang='lat' dir='ltr'><strong>partes</strong></span> <span class='ocrx_word' id='word_1_86' title='bbox 689 1084 841 1158; x_wconf 86' lang='lat' dir='ltr'><strong>orationis,</strong></span> <span class='ocrx_word' id='word_1_87' title='bbox 871 1082 1055 1156; x_wconf 78' lang='lat' dir='ltr'><strong>iudicialem,</strong></span> <span class='ocrx_word' id='word_1_88' title='bbox 1084 1083 1132 1142; x_wconf 86' lang='lat' dir='ltr'><strong>de·</strong></span> <span class='ocrx_word' id='word_1_89' title='bbox 1143 1084 1173 1135; x_wconf 75' lang='lat'><strong>1⁶</strong></span> 
     </span>
     <span class='ocr_line' id='line_1_12' title="bbox 116 1169 1131 1249; baseline -0.005 -18"><span class='ocrx_word' id='word_1_90' title='bbox 116 1172 316 1246; x_wconf 87' lang='lat' dir='ltr'><strong>liberativam,</strong></span> <span class='ocrx_word' id='word_1_91' title='bbox 335 1172 600 1232; x_wconf 80' lang='lat' dir='ltr'><strong>demonstrativam</strong></span> <span class='ocrx_word' id='word_1_92' title='bbox 622 1191 717 1248; x_wconf 88' lang='lat' dir='ltr'><strong>paene</strong></span> <span class='ocrx_word' id='word_1_93' title='bbox 741 1176 771 1232; x_wconf 91' lang='lat' dir='ltr'><strong>et</strong></span> <span class='ocrx_word' id='word_1_94' title='bbox 793 1174 857 1249; x_wconf 85' lang='lat' dir='ltr'><strong>ipse</strong></span> <span class='ocrx_word' id='word_1_95' title='bbox 875 1175 992 1232; x_wconf 89' lang='lat' dir='ltr'><strong>oratori</strong></span> <span class='ocrx_word' id='word_1_96' title='bbox 1008 1169 1131 1233; x_wconf 81' lang='lat' dir='ltr'><strong>subiecit</strong></span> 
     </span>
     <span class='ocr_line' id='line_1_13' title="bbox 117 1260 781 1336; baseline 0 -16"><span class='ocrx_word' id='word_1_97' title='bbox 117 1264 234 1336; x_wconf 74' lang='lat' dir='ltr'><strong>omnia,</strong></span> <span class='ocrx_word' id='word_1_98' title='bbox 257 1261 332 1320; x_wconf 88' lang='lat' dir='ltr'><strong>nihil</strong></span> <span class='ocrx_word' id='word_1_99' title='bbox 356 1263 435 1320; x_wconf 90' lang='lat' dir='ltr'><strong>enim</strong></span> <span class='ocrx_word' id='word_1_100' title='bbox 458 1260 571 1320; x_wconf 90' lang='lat' dir='ltr'><strong>nonin</strong></span> <span class='ocrx_word' id='word_1_101' title='bbox 594 1262 668 1320; x_wconf 85' lang='lat' dir='ltr'><strong>haec</strong></span> <span class='ocrx_word' id='word_1_102' title='bbox 692 1261 781 1321; x_wconf 87' lang='lat' dir='ltr'><strong>cadit.</strong></span> 
     </span>
    </p>

    <p class='ocr_par' dir='ltr' id='par_1_5' title="bbox 65 1347 1166 2046">
     <span class='ocr_line' id='line_1_14' title="bbox 65 1347 1127 1426; baseline 0.006 -24"><span class='ocrx_word' id='word_1_103' title='bbox 65 1347 103 1403; x_wconf 79' lang='lat'><strong>24</strong></span> <span class='ocrx_word' id='word_1_104' title='bbox 186 1349 359 1419; x_wconf 83' lang='lat' dir='ltr'><strong>Quaesitum</strong></span> <span class='ocrx_word' id='word_1_105' title='bbox 382 1370 400 1409; x_wconf 87' lang='lat' dir='ltr'><strong>a</strong></span> <span class='ocrx_word' id='word_1_106' title='bbox 423 1350 610 1426; x_wconf 88' lang='lat' dir='ltr'><strong>paucissimis</strong></span> <span class='ocrx_word' id='word_1_107' title='bbox 641 1352 671 1408; x_wconf 92' lang='lat' dir='ltr'><strong>et</strong></span> <span class='ocrx_word' id='word_1_108' title='bbox 698 1351 734 1409; x_wconf 89' lang='lat' dir='ltr'><strong>de</strong></span> <span class='ocrx_word' id='word_1_109' title='bbox 761 1350 960 1410; x_wconf 87' lang='lat' dir='ltr'><strong>instrumento</strong></span> <span class='ocrx_word' id='word_1_110' title='bbox 990 1355 1044 1411; x_wconf 87' lang='lat' dir='ltr'><strong>est.</strong></span> <span class='ocrx_word' id='word_1_111' title='bbox 1080 1350 1127 1409; x_wconf 90' lang='lat' dir='ltr'><strong>in·</strong></span> 
     </span>
     <span class='ocr_line' id='line_1_15' title="bbox 118 1435 1127 1516; baseline -0.001 -20"><span class='ocrx_word' id='word_1_112' title='bbox 118 1441 359 1497; x_wconf 85' lang='lat' dir='ltr'><strong>strumentum</strong></span> <span class='ocrx_word' id='word_1_113' title='bbox 382 1457 465 1513; x_wconf 87' lang='lat' dir='ltr'><strong>voco,</strong></span> <span class='ocrx_word' id='word_1_114' title='bbox 488 1439 551 1498; x_wconf 90' lang='lat' dir='ltr'><strong>sine</strong></span> <span class='ocrx_word' id='word_1_115' title='bbox 574 1457 632 1514; x_wconf 92' lang='lat' dir='ltr'><strong>quo</strong></span> <span class='ocrx_word' id='word_1_116' title='bbox 655 1440 778 1498; x_wconf 81' lang='lat' dir='ltr'><strong>formeri</strong></span> <span class='ocrx_word' id='word_1_117' title='bbox 801 1441 930 1499; x_wconf 83' lang='lat' dir='ltr'><strong>materia</strong></span> <span class='ocrx_word' id='word_1_118' title='bbox 952 1441 985 1498; x_wconf 91' lang='lat' dir='ltr'><strong>in</strong></span> <span class='ocrx_word' id='word_1_119' title='bbox 1009 1439 1042 1499; x_wconf 82' lang='lat' dir='ltr'><strong>id</strong></span> <span class='ocrx_word' id='word_1_120' title='bbox 1056 1435 1127 1516; x_wconf 89' lang='lat' dir='ltr'><strong>quod</strong></span> 
     </span>
     <span class='ocr_line' id='line_1_16' title="bbox 117 1527 1159 1605; baseline -0.001 -19"><span class='ocrx_word' id='word_1_121' title='bbox 117 1529 244 1586; x_wconf 87' lang='lat' dir='ltr'><strong>velimus</strong></span> <span class='ocrx_word' id='word_1_122' title='bbox 268 1527 347 1586; x_wconf 91' lang='lat' dir='ltr'><strong>effici</strong></span> <span class='ocrx_word' id='word_1_123' title='bbox 369 1546 442 1603; x_wconf 90' lang='lat' dir='ltr'><strong>opus</strong></span> <span class='ocrx_word' id='word_1_124' title='bbox 466 1546 526 1585; x_wconf 92' lang='lat' dir='ltr'><strong>non</strong></span> <span class='ocrx_word' id='word_1_125' title='bbox 548 1529 651 1604; x_wconf 86' lang='lat' dir='ltr'><strong>possit.</strong></span> <span class='ocrx_word' id='word_1_126' title='bbox 675 1547 778 1587; x_wconf 89' lang='lat' dir='ltr'><strong>verum</strong></span> <span class='ocrx_word' id='word_1_127' title='bbox 800 1528 856 1587; x_wconf 89' lang='lat' dir='ltr'><strong>hoc</strong></span> <span class='ocrx_word' id='word_1_128' title='bbox 880 1547 935 1605; x_wconf 83' lang='lat' dir='ltr'><strong>ego</strong></span> <span class='ocrx_word' id='word_1_129' title='bbox 958 1548 1021 1588; x_wconf 92' lang='lat' dir='ltr'><strong>non</strong></span> <span class='ocrx_word' id='word_1_130' title='bbox 1039 1532 1159 1588; x_wconf 81' lang='lat' dir='ltr'><strong>artemo</strong></span> 
     </span>
     <span class='ocr_line' id='line_1_17' title="bbox 117 1615 1128 1693; baseline 0 -19"><span class='ocrx_word' id='word_1_131' title='bbox 117 1615 204 1674; x_wconf 87' lang='lat' dir='ltr'><strong>credo</strong></span> <span class='ocrx_word' id='word_1_132' title='bbox 228 1635 323 1693; x_wconf 85' lang='lat' dir='ltr'><strong>egere,</strong></span> <span class='ocrx_word' id='word_1_133' title='bbox 346 1616 398 1674; x_wconf 87' lang='lat' dir='ltr'><strong>sed</strong></span> <span class='ocrx_word' id='word_1_134' title='bbox 421 1617 573 1675; x_wconf 84' lang='lat' dir='ltr'><strong>artificem.</strong></span> <span class='ocrx_word' id='word_1_135' title='bbox 606 1635 701 1692; x_wconf 89' lang='lat' dir='ltr'><strong>neque</strong></span> <span class='ocrx_word' id='word_1_136' title='bbox 725 1617 804 1675; x_wconf 87' lang='lat' dir='ltr'><strong>enim</strong></span> <span class='ocrx_word' id='word_1_137' title='bbox 831 1615 956 1677; x_wconf 83' lang='lat' dir='ltr'><strong>scientia</strong></span> <span class='ocrx_word' id='word_1_138' title='bbox 984 1617 1128 1678; x_wconf 85' lang='lat' dir='ltr'><strong>desiderat</strong></span> 
     </span>
     <span class='ocr_line' id='line_1_18' title="bbox 117 1705 1129 1780; baseline 0 -18"><span class='ocrx_word' id='word_1_139' title='bbox 117 1706 357 1777; x_wconf 90' lang='lat' dir='ltr'><strong>instrumentum,</strong></span> <span class='ocrx_word' id='word_1_140' title='bbox 376 1724 452 1780; x_wconf 89' lang='lat' dir='ltr'><strong>quae</strong></span> <span class='ocrx_word' id='word_1_141' title='bbox 471 1707 570 1780; x_wconf 88' lang='lat' dir='ltr'><strong>potest</strong></span> <span class='ocrx_word' id='word_1_142' title='bbox 588 1724 651 1765; x_wconf 87' lang='lat' dir='ltr'><strong>csse</strong></span> <span class='ocrx_word' id='word_1_143' title='bbox 669 1708 882 1780; x_wconf 88' lang='lat' dir='ltr'><strong>consummata,</strong></span> <span class='ocrx_word' id='word_1_144' title='bbox 902 1707 996 1766; x_wconf 90' lang='lat' dir='ltr'><strong>etiam</strong></span> <span class='ocrx_word' id='word_1_145' title='bbox 1014 1708 1041 1767; x_wconf 88' lang='lat' dir='ltr'><strong>si</strong></span> <span class='ocrx_word' id='word_1_146' title='bbox 1058 1705 1129 1766; x_wconf 93' lang='lat' dir='ltr'><strong>nihil</strong></span> 
     </span>
     <span class='ocr_line' id='line_1_19' title="bbox 117 1794 1130 1872; baseline 0.002 -21"><span class='ocrx_word' id='word_1_147' title='bbox 117 1794 219 1867; x_wconf 83' lang='lat' dir='ltr'><strong>faciat,</strong></span> <span class='ocrx_word' id='word_1_148' title='bbox 243 1794 294 1853; x_wconf 89' lang='lat' dir='ltr'><strong>sed</strong></span> <span class='ocrx_word' id='word_1_149' title='bbox 317 1795 368 1852; x_wconf 86' lang='lat' dir='ltr'><strong>ille</strong></span> <span class='ocrx_word' id='word_1_150' title='bbox 392 1794 501 1869; x_wconf 85' lang='lat' dir='ltr'><strong>opifex,</strong></span> <span class='ocrx_word' id='word_1_151' title='bbox 524 1797 559 1852; x_wconf 91' lang='lat' dir='ltr'><strong>ut</strong></span> <span class='ocrx_word' id='word_1_152' title='bbox 582 1794 715 1852; x_wconf 85' lang='lat' dir='ltr'><strong>caelator</strong></span> <span class='ocrx_word' id='word_1_153' title='bbox 737 1796 852 1853; x_wconf 87' lang='lat' dir='ltr'><strong>caelum</strong></span> <span class='ocrx_word' id='word_1_154' title='bbox 876 1797 906 1854; x_wconf 92' lang='lat' dir='ltr'><strong>et</strong></span> <span class='ocrx_word' id='word_1_155' title='bbox 928 1795 1029 1870; x_wconf 88' lang='lat' dir='ltr'><strong>pictor</strong></span> <span class='ocrx_word' id='word_1_156' title='bbox 1050 1795 1130 1872; x_wconf 91' lang='lat' dir='ltr'><strong>peni·</strong></span> 
     </span>
     <span class='ocr_line' id='line_1_20' title="bbox 117 1883 1134 1958; baseline 0.001 -15"><span class='ocrx_word' id='word_1_157' title='bbox 117 1884 195 1943; x_wconf 87' lang='lat' dir='ltr'><strong>oilla.</strong></span> <span class='ocrx_word' id='word_1_158' title='bbox 219 1884 322 1958; x_wconf 85' lang='lat' dir='ltr'><strong>itaque</strong></span> <span class='ocrx_word' id='word_1_159' title='bbox 344 1883 418 1942; x_wconf 89' lang='lat' dir='ltr'><strong>haec</strong></span> <span class='ocrx_word' id='word_1_160' title='bbox 440 1883 472 1940; x_wconf 93' lang='lat' dir='ltr'><strong>in</strong></span> <span class='ocrx_word' id='word_1_161' title='bbox 495 1901 563 1941; x_wconf 91' lang='lat' dir='ltr'><strong>eum</strong></span> <span class='ocrx_word' id='word_1_162' title='bbox 585 1883 692 1957; x_wconf 87' lang='lat' dir='ltr'><strong>locum,</strong></span> <span class='ocrx_word' id='word_1_163' title='bbox 725 1901 783 1958; x_wconf 90' lang='lat' dir='ltr'><strong>quo</strong></span> <span class='ocrx_word' id='word_1_164' title='bbox 811 1883 847 1942; x_wconf 86' lang='lat' dir='ltr'><strong>&lt;ie</strong></span> <span class='ocrx_word' id='word_1_165' title='bbox 874 1887 995 1943; x_wconf 89' lang='lat' dir='ltr'><strong>oratore</strong></span> <span class='ocrx_word' id='word_1_166' title='bbox 1025 1884 1134 1944; x_wconf 85' lang='lat' dir='ltr'><strong>dicturi</strong></span> 
     </span>
     <span class='ocr_line' id='line_1_21' title="bbox 117 1972 1166 2046; baseline 0.002 -16"><span class='ocrx_word' id='word_1_167' title='bbox 117 1991 228 2046; x_wconf 87' lang='lat' dir='ltr'><strong>sumus,</strong></span> <span class='ocrx_word' id='word_1_168' title='bbox 252 1972 431 2030; x_wconf 76' lang='lat' dir='ltr'><strong>differamus</strong></span> <span class='ocrx_word' id='word_1_169' title='bbox 1143 1988 1166 2032; x_wconf 78' lang='grc'><strong>11</strong></span> 
     </span>
    </p>
   </div>
   <div class='ocr_carea' id='block_1_4' title="bbox 190 2142 452 2209">
    <p class='ocr_par' dir='ltr' id='par_1_6' title="bbox 190 2142 452 2209">
     <span class='ocr_line' id='line_1_22' title="bbox 190 2142 452 2209; baseline -0.008 -14"><span class='ocrx_word' id='word_1_170' title='bbox 190 2148 223 2196; x_wconf 82' lang='grc' dir='ltr'><strong>ιο</strong></span> <span class='ocrx_word' id='word_1_171' title='bbox 244 2142 327 2196; x_wconf 75' lang='lat' dir='ltr'><strong>Rhea.</strong></span> <span class='ocrx_word' id='word_1_172' title='bbox 349 2147 372 2209; x_wconf 83' lang='lat'><strong>1,</strong></span> <span class='ocrx_word' id='word_1_173' title='bbox 393 2146 417 2208; x_wconf 84' lang='lat' dir='ltr'><strong>a,</strong></span> <span class='ocrx_word' id='word_1_174' title='bbox 437 2145 452 2194; x_wconf 84' lang='lat'>3</span> 
     </span>
    </p>
   </div>
   <div class='ocr_carea' id='block_1_5' title="bbox 114 2298 1136 2512">
    <p class='ocr_par' dir='ltr' id='par_1_7' title="bbox 114 2298 1136 2512">
     <span class='ocr_line' id='line_1_23' title="bbox 188 2298 1135 2356; baseline -0.001 -2"><span class='ocrx_word' id='word_1_175' title='bbox 188 2307 203 2354; x_wconf 87' lang='lat'><strong>3</strong></span> <span class='ocrx_word' id='word_1_176' title='bbox 223 2301 353 2355; x_wconf 83' lang='lat' dir='ltr'><strong>omnibus</strong></span> <span class='ocrx_word' id='word_1_177' title='bbox 371 2300 455 2354; x_wconf 81' lang='lat' dir='ltr'><strong>rebus</strong></span> <span class='ocrx_word' id='word_1_178' title='bbox 469 2311 492 2353; x_wconf 82' lang='grc' dir='ltr'><em>Α</em></span> <span class='ocrx_word' id='word_1_179' title='bbox 566 2298 644 2353; x_wconf 71' lang='lat' dir='ltr'><strong>isin</strong></span> <span class='ocrx_word' id='word_1_180' title='bbox 662 2301 756 2353; x_wconf 77' lang='lat' dir='ltr'><strong>autem</strong></span> <span class='ocrx_word' id='word_1_181' title='bbox 771 2310 793 2351; x_wconf 80' lang='grc' dir='ltr'><strong><em>Δ</em></strong></span> <span class='ocrx_word' id='word_1_182' title='bbox 867 2300 940 2354; x_wconf 79' lang='grc'>81111</span> <span class='ocrx_word' id='word_1_183' title='bbox 953 2300 1100 2356; x_wconf 85' lang='lat' dir='ltr'><strong>rhetorem</strong></span> <span class='ocrx_word' id='word_1_184' title='bbox 1113 2309 1135 2353; x_wconf 82' lang='grc' dir='ltr'><strong><em>Δ</em></strong></span> 
     </span>
     <span class='ocr_line' id='line_1_24' title="bbox 188 2370 1136 2442; baseline 0.002 -18"><span class='ocrx_word' id='word_1_185' title='bbox 188 2378 222 2424; x_wconf 88' lang='grc'>14</span> <span class='ocrx_word' id='word_1_186' title='bbox 240 2373 269 2424; x_wconf 91' lang='lat' dir='ltr'><strong>in</strong></span> <span class='ocrx_word' id='word_1_187' title='bbox 289 2372 320 2424; x_wconf 89' lang='lat' dir='ltr'><strong>id</strong></span> <span class='ocrx_word' id='word_1_188' title='bbox 338 2381 374 2424; x_wconf 79' lang='lat' dir='ltr'><strong>A:</strong></span> <span class='ocrx_word' id='word_1_189' title='bbox 403 2372 479 2424; x_wconf 90' lang='lat' dir='ltr'><strong>etin</strong></span> <span class='ocrx_word' id='word_1_190' title='bbox 502 2370 532 2423; x_wconf 91' lang='lat' dir='ltr'><strong>id</strong></span> <span class='ocrx_word' id='word_1_191' title='bbox 551 2381 579 2424; x_wconf 78' lang='lat' dir='ltr'><em>B</em></span> <span class='ocrx_word' id='word_1_192' title='bbox 596 2373 625 2425; x_wconf 86' lang='lat' dir='ltr'><strong>et</strong></span> <span class='ocrx_word' id='word_1_193' title='bbox 642 2370 673 2422; x_wconf 90' lang='lat' dir='ltr'><strong>id</strong></span> <span class='ocrx_word' id='word_1_194' title='bbox 693 2371 878 2442; x_wconf 75' lang='lat' dir='ltr'><strong>1³(muteries</strong></span> <span class='ocrx_word' id='word_1_195' title='bbox 902 2372 933 2424; x_wconf 92' lang='lat' dir='ltr'><strong>in</strong></span> <span class='ocrx_word' id='word_1_196' title='bbox 956 2371 988 2425; x_wconf 91' lang='lat' dir='ltr'><strong>id</strong></span> <span class='ocrx_word' id='word_1_197' title='bbox 1011 2374 1039 2427; x_wconf 82' lang='lat' dir='ltr'><strong>ci</strong></span> <span class='ocrx_word' id='word_1_198' title='bbox 1063 2373 1136 2428; x_wconf 83' lang='lat' dir='ltr'><strong>Volt-</strong></span> 
     </span>
     <span class='ocr_line' id='line_1_25' title="bbox 114 2441 578 2512; baseline -0.004 -16"><span class='ocrx_word' id='word_1_199' title='bbox 114 2445 181 2512; x_wconf 83' lang='lat' dir='ltr'><strong>mer)</strong></span> <span class='ocrx_word' id='word_1_200' title='bbox 255 2447 288 2494; x_wconf 92' lang='grc'>18</span> <span class='ocrx_word' id='word_1_201' title='bbox 308 2441 414 2512; x_wconf 85' lang='lat' dir='ltr'><strong>opifex]</strong></span> <span class='ocrx_word' id='word_1_202' title='bbox 434 2442 537 2495; x_wconf 85' lang='lat' dir='ltr'><strong>artifex</strong></span> <span class='ocrx_word' id='word_1_203' title='bbox 554 2452 578 2494; x_wconf 78' lang='grc' dir='ltr'><strong><em>Α</em></strong></span> 
     </span>
    </p>
   </div>
   <div class='ocr_carea' id='block_1_6' title="bbox 0 0 1224 3832">
    <p class='ocr_par' dir='ltr' id='par_1_8' title="bbox 0 0 1224 3832">
     <span class='ocr_line' id='line_1_26' title="bbox 0 0 1224 3832; baseline 0 1"><span class='ocrx_word' id='word_1_204' title='bbox 0 0 1224 3832; x_wconf 95' lang='lat' dir='ltr'><strong> </strong></span> 
     </span>
    </p>
   </div>
  </div>
 </body>
</html>
