2460 3854
400 165 440 221 11.
460 170 503 234 13,
522 170 618 220 7-1'1.
638 169 680 235 11
700 172 725 262 1.
1013 165 1075 231 101

56 336 201 409 primore,
229 335 342 394 volavit
374 334 438 393 eius
465 337 558 409 caput
590 339 619 393 et
646 352 702 393 suo
734 336 841 410 cuique
869 335 968 395 animo
996 336 1080 394 dedit

56 422 290 482 aestimandum
320 442 418 483 nonne
445 423 514 481 huic
544 423 642 482 simile
671 427 716 482 est
742 423 819 481 illud
847 423 1080 483 Sallustianum:
1094 432 1132 488 1³4

57 508 144 570 ‘nam
184 512 220 570 de
258 511 438 589 Carthagine
473 516 572 572 tacere
609 512 703 572 satius
738 517 812 588 puto
851 532 941 588 quam
973 513 1079 589 parum

56 595 196 659 dicere'?
227 605 349 676 propter
388 620 464 676 quae
505 601 579 660 mihi
615 620 731 677 semper
766 602 857 661 moris
893 603 953 661 fuit
989 622 1080 678 quam

56 690 186 749 minime
233 691 357 767 alligare
399 709 446 748 me
499 689 537 748 ad
586 694 758 766 praecepta,
805 710 882 766 quae
933 691 1080 751 καθολικά

55 781 208 854 vocitant,
230 779 262 837 id
285 783 338 851 est,
367 783 402 838 ut
429 779 563 838 dicamus
594 799 653 855 quo
676 781 771 838 'modo
804 799 969 855 possumus,
1000 783 1079 838 uni-

54 868 224 928 versalia
245 869 293 926 161
315 870 561 943 perpetualia,
579 887 648 927 raro
658 868 736 926 enim
746 871 896 942 reperitur
909 870 965 928 hoc
978 889 1079 946 genus,

54 962 91 1017 ut
117 975 180 1016 non
202 956 380 1016 labefactari
401 961 487 1032 parte
511 957 616 1033 aliqua
643 961 673 1016 et
701 958 805 1016 subrui
832 958 934 1032 possit.
963 959 1014 1016 sed
1042 959 1133 1022 (1615

54 1049 105 1108 his
130 1045 250 1122 plenius
273 1065 326 1106 suo
349 1046 480 1122 quidque
504 1047 569 1105 loco
587 1046 796 1106 tractabimus:
820 1046 941 1105 interim
959 1047 1029 1106 nolo
1048 1066 1080 1106 so

55 1139 185 1196 iuvenes
209 1135 281 1195 satis
296 1137 465 1210 instructos,
488 1135 514 1194 si
533 1154 621 1211 quem
635 1155 670 1194 ex
684 1135 739 1208 his,
763 1136 816 1211 qui
828 1136 933 1194 breves
950 1137 1080 1211 plerum-

56 1244 119 1300 que
153 1223 414 1298 oircumferuntur,
445 1225 519 1283 artis
541 1223 688 1283 'libellum
720 1224 903 1298 edidicerint,
936 1229 966 1283 et
998 1226 1081 1283 velut

56 1315 189 1374 decretis
212 1313 416 1373 technicorum
438 1317 521 1372 tutos
551 1317 666 1388 putent.
694 1315 790 1372 multo
818 1313 929 1388 labore,
957 1313 1080 1373 adsiduo

56 1403 173 1476 studi0,
195 1404 281 1462 varia
302 1403 523 1476 exercitatione,
546 1402 683 1477 plurimis
702 1402 919 1479 experimentis
935 1403 1081 1462 altissima

56 1492 234 1567 prudentia,
257 1493 499 1565 praesentissimo
523 1491 647 1550 consilio
671 1496 788 1551 constat
811 1511 859 1550 ars
879 1492 1004 1551 dicendi.
1029 1492 1081 1558 sed
1096 1501 1134 1555 ld

59 1581 228 1638 adiuvatur
250 1581 297 1640 his
310 1600 448 1655 quoque,
472 1580 496 1638 si
519 1584 621 1639 tamen
643 1585 756 1639 rectam
783 1583 874 1656 viam,
901 1601 962 1640 non
990 1600 1081 1639 unam

59 1670 195 1729 orbitam
217 1673 390 1744 monstrent,
415 1688 474 1744 qua
497 1669 646 1728 declinare
665 1670 715 1744 qui
735 1670 894 1728 crediderit
912 1673 1005 1744 nefas,
1027 1689 1080 1746 pa-

59 1761 159 1818 tiatur
181 1776 299 1818 necesse
318 1761 364 1818 est
375 1759 462 1817 iilam
480 1779 534 1834 per
552 1758 637 1818 funes
652 1758 883 1836 ingredientium
896 1757 1080 1818 tarditatem.

58 1848 167 1923 itaque
191 1851 222 1906 61
243 1851 368 1907 stratum
388 1846 514 1906 militari
527 1847 629 1906 labore
647 1850 705 1931 iter
723 1867 812 1924 saepe
827 1849 989 1907 deserimus
1012 1867 1081 1908 con·

59 1937 173 2013 pendio
194 1936 284 2009 ducti,
304 1940 334 1995 et
352 1939 379 1995 si
396 1940 510 1996 rectum
528 1936 656 1995 limitem
673 1939 753 2012 rupt'
774 1937 955 1997 torrentibus
974 1938 1080 2013 pontes

59 2024 235 2098 inciderint,
260 2027 418 2086 ,circumire
446 2044 593 2102 cogemur,
626 2030 656 2085 61
687 2026 713 2084 61
739 2028 832 2084 ianua
858 2028 1010 2084 tenebitur
1035 2028 1081 2083 in-

59 2115 177 2188 cendio,
192 2134 246 2189 per
259 2114 402 2190 parietem
419 2115 571 2174 exibimus.
591 2115 652 2174 late
670 2116 771 2174 fusum
784 2134 860 2190 opus
876 2119 920 2173 661
935 2119 964 2173 61
977 2115 1081 2175 multi-
1096 2123 1132 2178 11

59 2206 130 2281 pler
156 2207 187 2263 et
210 2223 307 2280 prope,
326 2204 434 2264 cotidie
449 2215 577 2280 novum,
609 2208 639 2263 et
662 2204 697 2262 de
721 2223 780 2279 quo
807 2223 973 2279 numquam
1000 2205 1081 2264 dicta

60 2297 151 2353 erunt
175 2293 284 2353 omnia.
308 2312 384 2369 quae
407 2294 468 2352 sint
490 2296 592 2352 tamen
614 2293 736 2366 tradita,
766 2292 838 2368 quid
866 2313 901 2350 ex
928 2294 975 2354 his
1004 2293 1081 2369 opti-

60 2395 166 2457 mum,
184 2385 214 2440 et
237 2382 263 2442 61
287 2401 348 2458 qua
367 2382 492 2456 mutari,
522 2383 612 2458 adici,
641 2383 758 2442 detrahi
787 2383 894 2442 melius
921 2382 1081 2456 videbitur,

61 2473 162 2531 dicere
186 2470 329 2546 experiar.

339 2620 484 2694 [DIVISIO
504 2621 634 2678 TOTIUS
655 2623 802 2695 OPERIS]

130 2737 210 2797 ΧΠ.
234 2737 454 2799 Rhetoricen
476 2741 508 2799 in
522 2738 665 2799 Latinum
683 2741 894 2799 transferentes
912 2743 979 2798 tum
1002 2758 1080 2798 ora·
1114 2748 1130 2801 1

59 2827 209 2904 toriam,
227 2831 292 2885 tum
311 2828 504 2887 oratricem
522 2831 761 2887 nominaverimt.
781 2847 854 2903 quos
869 2828 1006 2903 equidem
1020 2848 1081 2886 non

61 2917 268 2976 fraudaverim
293 2916 393 2975 debita
415 2918 512 2991 laude,
537 2917 616 2992 quod
641 2919 758 2993 copiam
780 2917 909 2976 Romani
936 2919 1080 2976 sermonis

61 3025 175 3084 augere
198 3005 387 3081 temptarint:
411 3007 462 3065 sed
485 3026 546 3067 non
569 3008 670 3066 omnia
692 3026 746 3065 nos
770 3006 910 3065 ducentes
934 3004 1080 3065 eGraeco

136 3210 230 3280 31ug.
253 3216 293 3276 19,
315 3217 329 3264 2

137 3412 152 3460 3
172 3410 242 3476 puto
257 3425 300 3462 om
313 3418 336 3459 Δ
351 3407 433 3461 silere
447 3408 548 3461 melius
563 3411 632 3477 puto
648 3409 707 3462 Sall
720 3408 789 3462 codd
868 3406 981 3462 4fuerit
994 3416 1048 3460 BP

61 3481 202 3534 dvocant
220 3488 274 3532 ΒΡ
346 3483 379 3532 16
397 3481 534 3534 monstret
552 3488 606 3532 BP
620 3481 659 3552 ta
682 3495 742 3551 qua
760 3480 794 3536 cd
819 3479 913 3535 Bodit
992 3483 1034 3530 ab
1047 3478 1098 3529 ‘un-

60 3550 226 3605 terciderint
242 3551 329 3605 Halm
404 3557 440 3608 30
460 3555 488 3625 e]
509 3571 543 3609 ex
563 3553 629 3610 ΑΨ
