2460 3854
474 141 495 196 I.
525 147 549 207 1,
570 147 665 195 2-14.
1058 142 1080 206 9

58 330 124 371 esse
152 330 253 370 curam
281 311 381 384 velim,
409 313 463 368 aut
486 329 516 370 se
539 329 599 369 non
623 330 685 370 esse
709 313 842 371 eruditos
866 313 970 372 sciant.
1002 312 1080 372 nihil

57 403 105 460 ost
134 403 219 476 peius
249 400 296 474 iis,
326 399 379 475 qui
407 401 532 474 paulum
563 400 677 475 aliquid
707 402 791 460 ultra
820 403 932 477 primas
961 402 1079 461 litteras

56 491 210 567 progressi
246 489 353 548 falsam
387 489 445 548 sibi
478 491 619 548 scientiae
652 493 876 566 persuasionem
908 490 1078 550 induerunt.
1135 522 1178 562 ,1

57 599 130 638 nam
159 580 190 637 et
213 579 314 637 cedere
337 578 542 654 praecipiendi
563 579 700 654 partibus
723 580 920 658 indignantur
942 582 973 638 et
995 581 1081 639 velut

30 668 124 727 eiuro
147 667 277 743 quodam
299 666 468 744 potestatis,
496 686 555 742 quo
579 669 640 726 fere
663 669 719 727 hoc
741 669 895 728 hominum
918 688 1011 746 genus
1034 668 1078 726 in-

56 757 207 831 tumescit,
244 757 398 831 imperiosi
434 759 524 832 atque
561 758 682 816 iuterim
720 761 885 817 saevientes
917 759 1079 818 stultitiam

57 865 147 906 suam
173 846 342 920 perdocent.
383 865 437 904 nec
463 847 562 905 minus
590 865 672 905 error
700 865 802 905 eorum
829 849 917 906 nocet
938 847 1115 921 moribus,9

58 938 85 994 11
105 935 226 1010 quidem
243 934 391 994 Leonides
409 935 575 993 Alexandri
593 936 795 1013 paedagogus,
820 940 856 995 ut
874 955 893 994 a
910 936 1079 1012 Babylonio

56 1024 194 1102 Diogene
217 1024 356 1098 traditur,
383 1023 562 1099 quibusdam
590 1044 657 1083 eum
680 1025 763 1084 vitiis
786 1025 904 1101 imbuit,
933 1043 1009 1100 quae
1031 1044 1079 1083 ro-

14 1133 42 1172 ro
56 1113 181 1174 bustum
211 1133 329 1189 quoque
357 1116 387 1172 et
413 1115 476 1172 iam
503 1115 666 1172 maximum
692 1133 794 1193 regem
822 1114 859 1172 ab
883 1114 936 1172 illa
960 1114 1079 1172 institu-

56 1204 140 1261 tione
163 1203 273 1278 puerili
295 1205 367 1261 sunt
388 1206 551 1278 persecuta.

129 1290 162 1350 Si
184 1293 233 1350 cui
255 1291 352 1350 multa
374 1291 479 1350 videor
502 1294 627 1368 exigere,
652 1294 764 1369 cogitet
783 1296 932 1351 oratorem
950 1293 1079 1365 institui,
1094 1287 1134 1342 1⁰

57 1401 123 1440 rem
146 1381 269 1440 arduam
294 1381 384 1440 etiam
410 1399 477 1440 cum
500 1381 527 1438 ei
550 1381 707 1440 formando
730 1381 806 1439 nihil
829 1382 966 1456 defuerit,
993 1400 1078 1457 prae-

56 1473 142 1529 terea
167 1470 257 1546 plura
284 1488 319 1528 ac
346 1469 518 1528 difficiliora
545 1489 710 1546 superesse:
742 1490 813 1530 nam
837 1474 868 1529 et
890 1470 989 1530 studio
1012 1489 1077 1547 per-

15 1579 42 1619 11
57 1561 150 1637 petuo
179 1561 210 1616 11
239 1559 507 1634 praestantissimis
535 1558 777 1636 praeceptoribus
807 1563 837 1618 et
865 1559 1004 1634 plurimis
1035 1559 1079 1616 di·

57 1647 193 1725 sciplinis
222 1667 297 1724 opus
326 1650 379 1706 est.
417 1651 600 1725 quapropter
628 1648 839 1724 praecipienda
862 1652 934 1707 sunt
957 1644 1130 1723 optima311

58 1755 137 1812 quae
156 1738 184 1796 si
203 1737 270 1813 quis
289 1736 474 1815 gravabitur,
496 1757 556 1796 non
575 1738 688 1796 rationi
706 1736 863 1811 defuerint,
886 1738 937 1796 sed
956 1737 1077 1796 homini.
1109 1774 1110 1777 =

57 1829 84 1886 si
98 1829 201 1885 tamen
214 1845 275 1885 non
289 1827 442 1903 continget
456 1827 559 1902 quales
569 1826 698 1886 maxime
708 1827 799 1886 velim
808 1827 948 1901 nutrices,
962 1845 1079 1902 pueros,

57 1915 248 1993 paedagogos
267 1915 385 1989 habere,
404 1918 437 1974 at
454 1934 531 1974 unus
551 1918 629 1974 certe
649 1917 689 1974 sit
708 1916 849 1975 adsiduus
863 1916 1005 1992 loquendi
1019 1934 1078 1974 non

16 2025 42 2064 so
56 2007 213 2081 inperitus,
238 2005 298 2079 qui,
322 2005 348 2063 si
371 2023 431 2079 qua
454 2007 541 2063 erunt
565 2005 601 2063 ab
620 2005 667 2064 his
685 2008 840 2080 praesente
858 2006 979 2063 alumno
998 2005 1080 2062 dicta

57 2096 175 2168 vitiose,
195 2094 326 2170 corrigat
344 2096 481 2194 protinus
501 2113 555 2153 nec
572 2094 701 2153 insidere
720 2095 764 2152 illi
785 2094 874 2168 sinet,
892 2094 964 2151 dum
977 2095 1079 2152 tamen

56 2183 253 2260 intellegatur
270 2183 311 2272 11,
331 2182 411 2257 quod
429 2182 512 2260 prius
532 2183 601 2256 dixi,
620 2183 731 2241 bonum
746 2202 817 2258 esse,
836 2183 892 2284 hpc
906 2182 1079 2241 remedium.

124 2271 154 2330 A
173 2291 307 2332 sermone
322 2269 435 2331 Graeco
449 2291 576 2348 puerum
589 2272 720 2346 incipere
734 2272 824 2346 malo,
842 2273 913 2348 quia
927 2271 1079 2346 Latinum,
1094 2279 1133 2333 12

57 2363 111 2437 qui
140 2361 317 2439 pluribus
308 2380 340 2419 1n
369 2380 426 2421 usu
457 2363 509 2436 est,
543 2362 590 2420 vel
619 2361 704 2419 nobis
734 2317 904 2420 nolentibus
934 2360 1078 2437 perbibet,

16 2471 41 2511 11
56 2451 147 2511 simul
177 2451 250 2526 quia
279 2451 446 2527 disciplinis
477 2469 594 2526 quoque
618 2448 737 2509 Graecis
767 2450 850 2526 prius
877 2449 1078 2509 instituendus

56 2543 112 2616 est,
134 2541 216 2598 uude
240 2542 270 2598 et
292 2543 412 2598 nostrae
431 2539 589 2598 fluxerunt.
613 2559 672 2598 non
691 2542 793 2598 tamen
811 2539 866 2598 boc
886 2539 958 2598 adeo
978 2546 1133 2614 super-18

56 2630 173 2689 stitiose
203 2628 269 2687 fieri
298 2630 398 2703 velim,
427 2632 462 2686 ut
492 2629 544 2686 diu
573 2630 693 2686 tantum
717 2627 827 2688 Graece
856 2629 998 2704 loquatur
1026 2631 1079 2687 aut

55 2720 164 2794 discat,
193 2719 271 2777 sicut
299 2719 449 2795 plerisque
479 2719 571 2794 moris
602 2721 654 2777 est.
685 2719 741 2777 hoc
771 2723 848 2777 enim
880 2718 1019 2776 accidunt
1049 2720 1079 2775 et
1130 2742 1137 2786 j

56 2811 117 2868 oris
145 2808 279 2884 plurima
305 2809 383 2866 vitia
409 2809 441 2865 in
464 2808 656 2884 peregrinum
679 2826 785 2866 sonum
809 2807 942 2882 corrupti
966 2809 996 2865 11
1018 2825 1078 2864 111-

16 2917 43 2956 eo
56 2898 164 2972 monis,
188 2898 237 2955 oui
259 2915 327 2955 eum
347 2894 478 2955 Graecae
501 2895 613 2974 figurae
633 2897 761 2956 adsidua
779 2896 991 2956 consuetudine
1008 2894 1077 2953 bae-

56 2989 169 3060 serunt,
196 2986 225 3043 iu
252 2986 371 3045 diversa
394 3004 513 3061 quoque
536 2984 679 3060 loquendi
701 2988 818 3045 ratione
841 2987 1078 3061 pertinacissime

56 3076 175 3135 durant.
217 3094 277 3133 non
300 3075 388 3152 louge
411 3076 514 3150 itaque
537 3074 647 3133 Latina
670 3075 811 3151 subsequi
833 3074 941 3132 debent
964 3076 994 3132 et
1018 3075 1078 3132 cito
1094 3079 1134 3136 14

55 3166 171 3241 pariter
193 3164 245 3222 ire.
272 3164 317 3222 ita
340 3163 392 3222 fiet
414 3167 458 3239 ut,
480 3182 547 3222 cum
571 3165 690 3239 aequali
713 3183 785 3223 cura
806 3164 942 3241 linguam
965 3166 1077 3221 utram-

56 3273 114 3330 que
137 3253 217 3313 tueri
240 3253 432 3330 coeperimus
455 3256 561 3311 neutra
585 3254 674 3312 alteri
697 3253 818 3312 officiat.
869 3260 875 3265 ’

111 3401 145 3451 ’9
165 3397 237 3466 frag.
258 3402 290 3450 51
311 3397 409 3450 Arnim

129 3537 162 3585 11
184 3530 306 3584 demerit
320 3540 466 3593 mm
540 3529 751 3606 1811111111
773 3540 818 3587 rs
