2460 3854
462 121 464 124 ·
500 107 548 162 111
569 113 594 175 e,
614 112 728 163 ee-so.
1062 108 1126 174 149

101 275 214 351 habet,¹
226 279 262 335 ut
280 276 354 354 lege,
374 276 426 334 sed
444 276 532 335 illum
551 294 680 352 quoque,
698 280 734 335 ut
751 278 829 336 iuste
843 278 947 337 fecisse
961 277 1126 351 videamur,

103 368 202 425 secuti
224 365 392 426 Antonium
414 367 547 442 apertius
570 365 730 425 voluerunt
759 366 877 426 eosdem
900 369 996 426 status
1020 366 1125 426 distin·

103 473 206 532 guero,
230 456 334 530 itaque
357 454 496 513 dixerunt
519 454 821 530 coniecturalem,
844 456 1012 533 legalem,
1035 455 1125 514 iuri·

104 543 274 620 dicalem,
301 544 354 619 qui
377 547 407 602 et
424 543 569 622 Verginio
586 544 715 619 placent.
737 544 845 602 horum
868 543 973 603 deinde
992 546 1125 604 fecerunt
1139 541 1178 600 46

76 635 230 708 especies,
253 633 298 691 ita
319 635 356 691 ut
377 632 468 710 legali
493 633 662 692 subicerent
683 633 892 692 finitionem
915 637 945 692 et
963 634 1048 707 alios,
1071 636 1126 708 qui

106 741 146 780 ex
170 723 311 798 scripto
326 721 485 796 ducuntur,
503 722 621 798 legum
646 721 927 795 contrariarum,
951 741 1028 798 quae
1046 719 1124 780 ἀντι-

50 796 55 817 ⁸
106 809 197 888 νομία
211 811 330 883 dicitur,
348 810 523 886 etsoripti
541 814 575 871 et
598 812 801 870 sentcntiae
824 812 881 870 vel
904 813 1125 885 voluntatis,

107 899 138 956 id
162 903 208 958 est
230 897 304 958 κατὰ
326 897 418 980 ῥητὸν
439 897 490 958 καὶ
513 898 650 958 διάνοιαν
674 902 704 959 et
727 898 922 976 μετάλημψιν,
951 919 1042 976 quam
1070 919 1124 960 nos

108 988 189 1047 varie
221 988 496 1063 translativam,
532 989 854 1064 transumptivam,
885 989 1123 1064 transpositi·

67 1092 94 1131 10
110 1097 185 1135 vam
218 1095 373 1152 vocamuS,
414 1075 623 1157 συλλογισμόν,
656 1095 744 1153 quem
777 1079 940 1153 accipimus
971 1078 1124 1136 ratioci-

109 1168 272 1226 nativum
294 1166 351 1226 vel
374 1166 620 1241 collectivum,
643 1167 914 1244 ambiguitatis,
939 1186 1015 1242 quae
1033 1163 1124 1243 ἀμφι-

110 1255 193 1332 βολία
222 1255 408 1314 nominatur:
436 1274 510 1331 quos
536 1257 633 1330 posui,
666 1255 738 1330 quia
769 1260 799 1314 et
831 1257 891 1332 ipsi
923 1275 941 1313 a
973 1255 1124 1331 plerisque

110 1348 205 1404 status
229 1345 429 1420 appellantur,
454 1360 522 1404 cum
536 1344 715 1420 quibusdam
734 1346 874 1423 legales
897 1347 1001 1421 potius
1016 1363 1124 1420 quae·

110 1433 246 1493 stiones
269 1452 320 1493 ees
343 1433 403 1491 dici
425 1434 580 1509 placuerit.

66 1536 95 1578 rs
174 1521 325 1591 Quattuor
359 1523 431 1581 fecit
468 1521 655 1596 Athenaeus,
687 1521 901 1602 προτρεπτικὴν
938 1522 1040 1581 στάσιν
1075 1523 1125 1582 vel
1140 1520 1175 1576 47

108 1610 341 1691 παρορμητικήν,
373 1611 404 1670 id
431 1614 477 1672 eat
505 1612 788 1685 exhortativum,
818 1615 871 1687 qui
900 1615 1049 1671 suasoriae
1080 1615 1125 1670 est

108 1700 254 1777 proprius,
278 1699 461 1778 σνντελικήν,
484 1719 544 1775 qua
567 1703 769 1759 coniecturam
792 1701 954 1778 significari
973 1702 1070 1778 magis
1090 1720 1125 1759 ex

108 1791 161 1866 his,
184 1809 262 1866 quae
286 1793 433 1864 secuntur,
465 1808 557 1865 quam
585 1809 620 1849 ex
646 1791 712 1865 ipso
735 1790 855 1849 nomine
875 1794 1009 1865 apparet,
1031 1787 1124 1848 ὑπαλ-

109 1877 248 1955 λακτικήν
273 1871 322 1959 (ea
344 1878 441 1938 finitio
465 1881 519 1953 est,
541 1881 708 1938 mutatione
728 1879 807 1937 enim
830 1879 959 1938 nominis
983 1871 1124 1959 constat),

65 1980 96 2026 to
108 1968 357 2042 iuridicalem,
381 1967 484 2028 eadem
508 1968 710 2043 appellatione
730 1966 843 2027 Graeca
858 1988 917 2043 qua
932 1969 1023 2026 ceteri
1036 1986 1123 2040 usus3

107 2077 176 2116 nam
199 2061 254 2132 est,
276 2060 311 2116 ut
334 2057 405 2132 dixi,
426 2059 524 2116 multa
542 2058 575 2115 in
593 2057 762 2115 nominibus
782 2057 957 2116 differentia.
981 2060 1052 2115 sunt
1070 2057 1124 2131 qui
1138 2052 1176 2109 48

107 2144 327 2222 inelimato
349 2147 630 2206 translationem
653 2164 715 2206 esse
733 2148 915 2220 existimant,
938 2146 1033 2204 secuti
1046 2146 1124 2204 hanc

107 2236 283 2297 mutationis
302 2235 559 2312 significationem.
583 2236 717 2307 fecerunt
736 2236 790 2293 alii
808 2235 934 2294 totidem
952 2238 1056 2310 status,
1072 2233 1124 2294 sed

107 2325 196 2385 alios:
230 2343 274 2383 an
296 2321 365 2384 sit?
407 2323 495 2400 quid
518 2320 587 2384 sit?
620 2325 727 2399 quale
751 2321 820 2382 sit?
852 2327 1027 2399 quantum
1055 2321 1123 2382 sit?

65 2429 92 2473 as
105 2418 139 2473 ut
163 2412 310 2474 Caecilius
338 2417 368 2472 et
395 2413 506 2473 Theon.
539 2413 716 2472 Aristoteles
746 2415 778 2470 in
800 2412 956 2472 rhetoricis
987 2431 1030 2471 an
1060 2415 1123 2487 sit,
1137 2409 1177 2465 49

106 2503 227 2578 quale,
255 2506 431 2578 quantum
461 2505 495 2562 et
519 2521 625 2578 quam
647 2503 798 2560 multum
826 2504 888 2577 sit,
921 2501 1125 2577 quaerendum

104 2596 202 2670 putat.
223 2591 352 2667 quodam
375 2595 476 2650 tamen
498 2593 564 2651 loco
583 2591 728 2650 finitionis
748 2611 865 2667 quoque
884 2593 946 2650 vim
965 2591 1123 2668 intellegit,

104 2702 165 2758 quo
190 2675 266 2740 dicit
289 2681 437 2756 quaedam
460 2681 502 2739 sic
526 2680 657 2738 defendi:
682 2676 811 2755 ‘sustuli
841 2681 892 2740 sed
920 2700 981 2739 uon
1008 2681 1124 2739 furtum

103 2772 173 2845 feci,
197 2771 339 2846 percussi,
362 2769 415 2830 sed
437 2789 497 2829 non
520 2771 659 2828 iniuriam
684 2765 763 2828 feci’.
800 2772 943 2845 posuerat
967 2774 997 2828 et
1021 2768 1123 2828 Cicero
1139 2766 1178 2821 ὅθ

177 2927 212 2975 25
232 2920 310 2976 Caco.
329 2920 382 2991 frg.
407 2926 441 2974 49
460 2920 565 2975 Burkh.
590 2922 674 2975 Arist.
694 2941 713 2991 p
734 2927 802 2975 1416
821 2922 840 2976 b
860 2926 907 2993 203
928 2925 998 2975 1374
1016 2936 1033 2974 a
1053 2927 1068 2973 2
1089 2952 1122 2960 -

102 3000 138 3048 29
160 2993 202 3046 De
221 2993 276 3046 inv.
297 2998 321 3060 1,
341 2997 366 3059 8,
387 2998 420 3046 10

179 3139 194 3186 3
206 3133 394 3188 iuridicialem
403 3144 427 3186 A
436 3152 541 3203 petoque
584 3140 616 3188 10
627 3135 787 3203 accepimus
797 3145 875 3188 AB?
917 3142 949 3190 13
961 3153 1024 3189 cum
1033 3136 1123 3190 ml

100 3225 147 3262 om
158 3205 225 3259 31³²
280 3212 313 3260 14
331 3206 471 3275 placuerit
480 3206 581 3260 ABP¹2
600 3206 709 3275 placuit
723 3206 763 3259 P*
816 3212 850 3260 20
869 3207 1058 3261 iuridicialem
1071 3217 1126 3261 ΒΡ

161 3283 194 3330 22
214 3277 377 3331 existiment
387 3277 456 3330 ‘151³'
510 3284 543 3330 25
559 3277 588 3329 in
606 3277 754 3332 rhetoricis
769 3295 805 3331 an
822 3278 860 3332 sit
873 3288 911 3332 B:
930 3279 961 3332 in
974 3279 1122 3333 rhetoricis

102 3349 195 3405 etiam
204 3347 246 3402 sic
255 3365 337 3402 omne
348 3348 455 3402 dividet
464 3348 577 3419 (dividit
586 3351 625 3418 Ρ)
636 3348 665 3401 in
675 3348 823 3403 veritatem
832 3352 862 3404 et
871 3349 995 3418 petenda
1006 3366 1038 3402 ao
1048 3350 1123 3420 tugi-

101 3419 189 3488 enda,
199 3419 276 3488 quod
285 3423 328 3474 est
337 3420 488 3486 suasoriae,
503 3424 533 3474 et
543 3420 577 3474 de
587 3419 687 3475 eodem
697 3421 783 3487 atque
793 3421 858 3485 alio,
868 3421 1017 3489 partiendo
1027 3423 1123 3475 tamen

100 3493 143 3547 ad
162 3491 233 3545 haec
248 3491 379 3560 pervenit
397 3506 434 3544 an
453 3491 492 3547 sit
509 3500 579 3546 Ab?
650 3495 686 3546 28
705 3491 781 3568 quot
795 3492 876 3564 epol
888 3502 911 3546 o
929 3492 1047 3561 quanto
1064 3501 1090 3542 u
