2438 3832
115 138 181 202 242
416 137 643 203 QVTNTILIANI
659 136 699 192 IN
701 135 751 191 ST.
772 137 827 192 OR.

115 307 291 382 plerumque
315 307 483 383 colligimus
507 307 699 384 argumentis,
722 325 798 382 quae
820 326 874 382 per
897 324 928 365 se
951 305 1030 364 nihil
1047 326 1132 365 reum

116 396 281 473 adgravare
306 396 471 469 videantur,
495 395 723 474 congregatione
750 394 857 454 deinde
885 414 988 453 eorum
1015 396 1132 454 facturn

117 486 336 544 convincimus:
364 486 410 543 ita
432 485 520 543 huius
542 485 623 543 modi
646 485 730 544 testis
761 485 857 543 multa
880 483 916 541 de
947 486 1018 544 ante
1049 485 1132 558 cotie,

118 574 214 632 multa
238 573 274 632 de
296 575 447 647 insecutis,
469 574 544 649 loco,
567 576 710 649 tempore,
732 591 868 648 persona,
892 574 998 632 ceteris
1019 577 1065 633 est
1087 575 1132 632 in·

115 663 321 740 corrogandas,
343 666 380 721 ut
403 663 435 720 in
458 663 581 737 aliquod
602 680 778 738 responsum
799 661 923 735 incidat,
952 665 1023 737 post
1052 663 1133 738 quod

115 752 163 810 illi
185 752 233 811 vel
257 752 346 810 fateri
370 769 445 827 quae
468 752 605 810 volumus
628 769 745 810 necesse
765 752 812 826 sit,
835 752 884 809 vel
902 751 949 825 iis,
974 770 1052 826 quae
1069 753 1133 810 iam

64 840 102 895 19
117 841 234 914 dixerit,
257 859 431 917 repugnare.
462 840 494 898 id
518 840 542 897 si
565 859 626 898 non
653 840 809 917 contingit,
841 839 965 898 relicum
998 840 1065 914 erit,
1098 843 1134 898 ut

116 948 184 988 eum
207 930 287 987 nolle
311 930 407 987 dicere
430 929 622 989 manifestum
645 931 692 1001 sit,
719 927 1009 1007 protrahendusque,
1038 931 1074 987 ut
1101 931 1133 986 in

117 1019 228 1094 aliquo,
245 1019 324 1093 quod
343 1019 391 1077 vel
410 1021 494 1076 extra
513 1037 634 1076 causam
648 1017 696 1092 sit,
716 1016 962 1092 deprehendatur,
985 1018 1132 1077 tenendus

119 1109 211 1165 etiam
235 1107 356 1180 diutius
379 1108 415 1165 ut
433 1108 533 1166 omnia
552 1126 586 1165 ac
605 1107 701 1182 plura,
726 1125 813 1181 quam
833 1124 880 1165 res
899 1105 1059 1181 desiderat,
1077 1125 1132 1183 pro

116 1215 166 1254 reo
191 1195 314 1254 dicendo
339 1200 491 1271 suspectus
514 1195 608 1254 iudici
632 1195 697 1253 fiat:
722 1214 779 1270 quo
803 1213 863 1253 uon
881 1196 981 1254 minus
1004 1196 1132 1270 nocebit,

63 1283 104 1338 20
118 1303 208 1360 quam
232 1285 258 1344 si
280 1304 351 1344 vera
373 1286 405 1342 in
428 1305 512 1343 reum
536 1284 666 1343 dixisset.
691 1287 722 1342 at
745 1285 779 1356 si,
808 1283 886 1359 quod
910 1284 1040 1343 secundo
1067 1286 1132 1344 loco

118 1373 254 1447 diximus,
278 1375 390 1432 nesciet
413 1377 504 1449 actor,
529 1373 601 1449 quid
618 1374 765 1449 propositi
783 1372 869 1432 testis
888 1373 1037 1449 attulerit,
1060 1393 1133 1449 pau-

118 1462 205 1519 latim
229 1466 267 1537 et,
295 1465 331 1521 ut
354 1462 477 1542 dicitur,
503 1463 686 1538 pedetentim
716 1460 929 1539 interrogando
963 1464 1133 1538 experietur

120 1552 254 1608 animum
277 1553 339 1609 eius
364 1555 393 1610 et
417 1552 455 1610 ad
478 1552 509 1610 id
537 1570 724 1627 responsum,
753 1551 833 1625 quod
860 1550 1039 1609 eliciendum
1067 1554 1132 1626 erit,

65 1639 101 1692 21
117 1659 172 1714 per
195 1639 304 1717 gradus
328 1639 423 1698 ducet.
448 1642 499 1699 sad
523 1642 593 1716 quia
612 1658 836 1715 nonnumquam
855 1641 924 1697 sunt
937 1640 994 1699 hae
1013 1659 1133 1716 quoque

117 1729 241 1786 testium
264 1732 351 1802 artes,
375 1731 411 1787 ut
432 1729 530 1804 primo
554 1729 593 1787 ad
615 1729 802 1788 voluntatem
830 1729 1046 1804 respondeant,
1075 1749 1133 1804 quo

117 1818 230 1876 maiore
253 1816 310 1875 fide
334 1818 452 1877 diversa
474 1822 578 1894 postea
607 1817 721 1891 dicant,
750 1820 794 1876 est
817 1818 936 1890 actoris,
960 1822 1135 1894 suspectum

118 1909 234 1980 testem,
257 1906 328 1963 dum
350 1906 479 1981 prodest,
502 1907 659 1965 dimittere.

64 1995 103 2049 22
185 1995 382 2054 Patronorum
409 1997 441 2053 in
468 1999 554 2072 parte
587 1996 764 2072 expeditior,
796 1996 828 2052 in
859 1998 945 2069 parte
978 1995 1135 2056 difficilior

117 2086 313 2163 interrogatio
332 2088 384 2143 est.
404 2083 555 2144 difficilior
572 2086 637 2159 hoc,
661 2084 741 2159 quod
758 2102 826 2142 raro
846 2103 988 2158 umquam
1007 2088 1135 2160 possunt

119 2177 187 2232 ante
215 2174 360 2232 iudicium
388 2176 462 2232 scire
493 2174 564 2250 quid
593 2176 680 2232 testis
714 2173 845 2232 dictrurus
876 2174 923 2246 sit,
956 2174 1133 2250 expeditior,

66 2260 103 2316 23
120 2262 207 2337 quod,
231 2282 297 2321 cum
319 2264 549 2341 interrogandus
573 2268 626 2336 est,
654 2264 752 2321 sciunt
776 2260 847 2336 quid
871 2261 987 2320 dixerit.
1019 2265 1133 2338 itaque,

119 2351 200 2425 quod
217 2353 249 2409 in
268 2370 303 2410 eo
321 2353 468 2410 incertum
487 2356 539 2426 est,
563 2369 635 2409 cura
650 2354 680 2409 et
692 2351 887 2426 inquisitione
902 2369 977 2426 opus
992 2354 1046 2426 est,
1067 2354 1134 2428 quis

118 2459 201 2498 reum
224 2442 350 2516 premat,
374 2460 447 2516 quas
472 2445 501 2499 et
525 2441 632 2516 quibus
651 2460 686 2498 ex
705 2441 802 2500 causis
820 2439 994 2498 inimicitias
1013 2441 1133 2517 habeat,

120 2547 213 2604 eaque
236 2532 266 2587 in
291 2532 425 2588 oratione
448 2529 646 2606 praedicenda
670 2532 759 2604 atque
779 2529 947 2587 amolienda
966 2532 1046 2604 sunt,
1070 2532 1133 2590 sive

120 2617 187 2675 odio
198 2618 340 2677 conflatos
350 2622 440 2679 testes
451 2621 512 2678 sive
522 2619 638 2678 invidia
648 2618 709 2676 sive
719 2619 818 2695 gratia
828 2619 890 2676 sive
900 2619 1027 2693 pecunia
1036 2619 1134 2694 videri

119 2706 264 2764 volumus
289 2709 319 2766 et
342 2707 367 2767 si
386 2707 539 2766 deficietur
561 2725 683 2765 numero
706 2725 776 2783 pars
790 2707 916 2782 diversa,
939 2707 1134 2783 paucitatem,

51 2785 59 2799 ⁸
120 2795 146 2851 si
165 2794 336 2870 abundabit,
355 2799 613 2872 conspirationem,
632 2799 658 2856 si
671 2796 792 2854 humilis
806 2796 959 2871 producet,
972 2797 1133 2871 vilitatem,

68 2881 106 2938 24
121 2884 147 2940 si
169 2886 314 2957 potenteS,
338 2887 467 2961 gratiam
492 2885 641 2961 oportebit
663 2885 817 2944 incessere.
843 2886 911 2960 plus
934 2887 1036 2944 tamen
1064 2905 1133 2962 pro-

121 2971 198 3028 derit
221 2989 333 3045 causas,
357 2979 480 3049 propter
504 2993 577 3049 quas
600 2993 684 3032 reum
706 2973 836 3051 laedant,
867 2991 1025 3049 exponere:
1057 2994 1134 3050 quae

122 3064 191 3118 sunt
204 3062 306 3119 variae
321 3055 378 3139 [et]
398 3083 452 3138 pro
468 3064 639 3122 condicione
659 3064 800 3138 cuiusque
814 3062 878 3120 litis
894 3064 946 3120 aut
959 3063 1133 3140 litigatoris

196 3236 208 3282 1
229 3230 388 3300 colligimus
408 3234 420 3284 1
437 3249 450 3284 e
469 3229 684 3300 συλλογιζόμεθα
704 3232 736 3298 cf
748 3231 775 3284 II
794 3236 866 3296 20,5
886 3231 925 3283 III
944 3236 968 3298 6,
985 3238 1036 3286 103
1051 3241 1091 3288 etc

122 3301 200 3356 61111
219 3319 261 3356 om
274 3311 302 3355 Β
373 3307 388 3354 7
409 3302 529 3372 contigit
541 3311 564 3353 A
579 3304 680 3371 probat
698 3304 801 3356 Becher
873 3307 888 3355 9
907 3303 984 3370 quod
1003 3320 1046 3358 om
1065 3305 1132 3377 ¹¹¹'l

123 3389 236 3428 causam
255 3374 293 3426 sit
310 3383 345 3426 A:
366 3388 464 3427 caueae
482 3382 510 3426 Β
528 3389 642 3427 causam
661 3383 688 3426 Ρ
794 3378 827 3426 15
847 3376 875 3426 et
894 3391 936 3428 om
954 3375 1021 3426 31³1

120 3451 156 3499 18
175 3445 278 3499 actoris
293 3446 413 3516 Regius:
427 3444 545 3498 oratoris
618 3449 652 3498 24
666 3445 696 3497 in
707 3461 747 3510 eo,
762 3444 837 3512 quod
852 3454 879 3497 Ρ
949 3449 983 3498 21
1003 3462 1037 3500 ex
1051 3463 1094 3502 om
1107 3456 1137 3501 B

181 3521 372 3575 wama
