2460 3854
440 173 443 179 »
495 141 543 196 VI.
563 147 587 208 1,
607 146 720 195 11-111.
1052 138 1118 204 315

95 311 238 370 mandat
261 314 291 370 et
328 329 417 370 causa
449 310 582 386 periculi,
619 311 646 368 si
678 311 841 386 suscepisse
873 309 1048 368 inimicitias
1080 307 1118 371 ob

100 400 225 477 aliquod
248 401 361 459 factum
383 401 541 460 honestum
564 399 693 474 videtur,
715 401 875 475 praecipue
902 397 1035 471 bonitas,
1062 396 1118 455 hu·

95 490 241 563 manitas,
273 489 490 563 misericordia3
529 490 638 547 iustius
675 490 756 547 enim
791 489 891 563 petere
924 505 959 545 oa
992 485 1117 561 quisque

100 578 222 638 videtur
250 578 401 652 aiudice,
434 597 521 654 quae.
543 578 611 637 aliis
643 578 708 653 ipse
738 576 932 653 praestiterit.
954 575 1118 655 ,referenda

66 675 170 742 spars'
190 667 268 726 ,haec
291 686 409 743 quoque
433 668 470 726 ad
494 667 659 726 utilitatem
681 666 893 742 reipublicae,
923 664 962 723 ad
984 664 1118 722 iudicum

102 757 239 833 gloriam,
262 757 301 815 ad
324 757 500 832 exemplum,
533 756 571 814 ad
597 758 772 815 memoriam
795 755 990 831 posteritatis.
1009 753 1116 828 pluri.-
1132 753 1170 809 28

100 866 184 904 mum
207 849 308 904 tamen
332 847 413 904 valet
435 847 597 919 miserati0,
615 864 697 921 quae
719 843 849 903 iudicem
872 862 932 903 non
950 842 1031 901 flecti
1047 844 1114 900 tan,-

100 937 167 992 tnm
191 936 281 1012 cogit,
309 934 360 992 sed
383 938 498 994 motum
528 953 645 1010 quoque
678 934 771 993 animi
803 933 852 993 sui
883 932 1016 991 lacrimis
1048 949 1117 991 con·

100 1024 187 1083 fiteri.
215 1023 288 1083 haec
310 1026 430 1099 petetur
453 1028 508 1083 aut
530 1042 566 1082 ex
588 1025 635 1098 iis,
664 1041 740 1097 quae
762 1039 867 1098 passus
892 1025 938 1080 est
959 1039 1037 1094 reus,
1065 1022 1118 1083 aut

66 1112 149 1186 ioiis,
176 1131 253 1188 quae
282 1131 349 1172 cum
376 1115 504 1171 maxime
527 1112 656 1187 patitur,
686 1113 740 1171 aut
757 1111 810 1186 iis,
837 1129 914 1186 quae
941 1110 1117 1169 damnatum

101 1205 236 1261 manent:
261 1220 338 1278 quac
363 1202 481 1277 etipsa
505 1201 706 1277 duplicantur,
734 1220 801 1260 oum
824 1199 963 1272 dicimus,
992 1217 1028 1257 ex
1058 1216 1117 1274 qua

100 1291 147 1350 illi
169 1292 292 1351 fortuna
315 1293 346 1349 et
367 1291 405 1348 in
423 1310 513 1365 quam
535 1289 727 1350 recidendum
750 1291 797 1348 sit.
822 1289 921 1347 adfert
938 1290 971 1346 in
989 1287 1036 1347 his
1053 1307 1115 1346 mo·
1132 1285 1171 1341 24

100 1383 234 1441 mentum
258 1382 288 1438 et
310 1382 394 1439 aetas
418 1382 448 1439 ct
471 1398 557 1439 sexus
581 1383 611 1438 ct
633 1381 769 1456 pignora,
792 1378 888 1452 liberi,
912 1377 988 1451 dico,
1011 1378 1041 1437 et
1063 1395 1116 1453 pa·

100 1473 199 1528 rentes
233 1472 263 1527 et
289 1469 460 1545 propinqui
493 1488 568 1544 quae
606 1469 707 1528 omnia
739 1469 865 1528 tractari
896 1469 979 1526 varie
1011 1466 1116 1525 solent.
1143 1482 1144 1486 ’

63 1578 88 1620 is
101 1577 326 1634 nonnumquam
354 1561 445 1617 etiam
472 1560 537 1633 ipse
563 1561 710 1634 patronus
742 1558 796 1616 has
826 1559 927 1634 partes
959 1555 1049 1629 subit,
1082 1558 1117 1613 ut

101 1647 204 1707 (licere
227 1667 281 1723 pro
304 1647 429 1706 Milone:
455 1642 483 1706 ‘0
507 1667 554 1706 me
576 1647 731 1710 miserum!
756 1665 773 1705 o
796 1647 826 1704 te
845 1645 1009 1705 infeliceml
1032 1662 1116 1706 revo·

100 1755 167 1796 care
190 1756 238 1796 me
261 1737 350 1795 tutin
372 1738 512 1813 patriam,
535 1737 619 1810 Milo,
641 1737 769 1812 potuisti
791 1755 845 1811 per
866 1736 930 1808 hos,
953 1752 1008 1811 ego
1031 1737 1061 1791 te
1084 1734 1116 1791 iu

100 1828 201 1902 patria
224 1845 278 1902 per
300 1826 417 1885 eosdem
439 1827 568 1885 retinere
597 1845 657 1884 non
685 1819 822 1900 poterol'
852 1825 1054 1898 maximeque,
1082 1823 1116 1895 si,
1162 1868 1164 1872 ,

100 1918 134 1974 ut
154 1918 224 1974 tum
247 1915 365 1988 accidit,
387 1934 447 1973 non
472 1915 653 1974 conveniunt
676 1915 704 1971 ei
734 1915 787 1989 qui
816 1916 975 1973 accusatur
1001 1929 1116 1987 preces3

63 2025 89 2066 ao
102 2023 172 2063 nam
200 2005 267 2080 quis
297 2003 389 2063 ferret
416 2003 557 2061 Milonem
587 2022 641 2078 pro
674 2003 771 2079 capite
804 2022 857 2063 suo
890 2001 1116 2077 supplicantem,
1131 2000 1170 2055 25

101 2095 154 2170 qni
177 2112 196 2151 a
219 2112 249 2151 se
272 2095 371 2152 virum
393 2092 524 2151 nobilem
547 2093 751 2165 interfectum,
779 2092 851 2168 quia
877 2091 911 2150 id
936 2090 1002 2148 fieri
1030 2108 1116 2164 opor·

99 2184 216 2256 tuisset,
248 2179 413 2241 fateretur?
447 2200 516 2260 ergo
549 2183 580 2240 et
616 2181 664 2240 illi
695 2182 844 2257 captavit
867 2200 901 2240 ex
933 2179 1000 2255 ipsa
1030 2197 1116 2254 prae-

100 2273 214 2331 stantia
238 2272 331 2330 nnimi
353 2272 487 2331 favorem
511 2274 541 2329 et
563 2273 596 2329 in
618 2271 717 2329 locum
739 2270 932 2328 lacrimarum
961 2269 1024 2327 eius
1052 2269 1116 2343 ipse

100 2360 249 2420 successit.
852 2405 855 2411 .

63 2471 87 2512 ss
166 2449 224 2508 His
256 2450 414 2526 praecipue
437 2449 510 2509 locis
534 2450 623 2507 utiles
653 2448 989 2524 sunt'prosopopoeiae,
1016 2445 1048 2505 id
1062 2447 1117 2504 ast

99 2539 187 2599 fictae
206 2540 372 2598 ahenamm
396 2558 587 2614 personarum
615 2538 779 2610 orationes,
795 2532 818 2614 †
837 2537 940 2612 quales
962 2536 1116 2612 litigatore

99 2629 174 2687 dicit
185 2631 353 2704 patronum,
367 2628 592 2687 nudaetantum
603 2646 649 2688 res
663 2629 798 2685 movent:
813 2629 846 2684 at
860 2645 928 2686 cum
942 2626 1023 2700 ipsos
1032 2624 1117 2699 loqui

100 2717 250 2795 fingimus,
274 2736 309 2776 ex
331 2719 466 2793 personis
490 2736 609 2793 quoque
632 2716 765 2774 trahitur
787 2714 930 2774 adfectus.
954 2733 1013 2772 non
1036 2715 1116 2770 enim
1131 2711 1169 2766 2ss

100 2807 203 2866 audire
232 2805 321 2864 iudex
348 2806 467 2865 videtur
495 2807 593 2865 aliena
625 2805 705 2864 mala
737 2804 882 2877 dedentis,
914 2803 966 2863 sed
998 2821 1113 2862 sensum

174 3035 207 3083 ra
228 3046 243 3082 ο
262 3034 304 3095 aa,
325 3034 375 3082 102

166 3239 188 3297 '3
207 3245 302 3311 petere
325 3252 360 3296 A:
385 3246 453 3296 tunc
476 3245 572 3311 petere
595 3243 646 3297 rell
753 3248 768 3294 9
792 3242 925 3310 petentur
948 3241 1026 3295 libri:
1054 3256 1116 3295 corr

100 3316 205 3370 doner
287 3320 320 3367 1c
339 3315 380 3384 te]
399 3332 443 3367 me
464 3315 518 3369 oie.
538 3315 570 3379 ef
586 3314 680 3384 Quint.
699 3313 738 3366 ΧΙ
756 3318 781 3381 a,
803 3318 852 3367 111
941 3317 973 3365 rs
992 3328 1047 3366 non
1062 3305 1115 3380 ’po-

98 3388 159 3440 tero
180 3396 207 3438 Ρ
225 3387 278 3441 Cic.
298 3403 341 3439 cm
359 3386 410 3440 rell
492 3391 526 3438 26
550 3385 695 3454 litigatore
719 3385 790 3438 dicit
814 3386 964 3454 patronum
987 3394 1035 3436 Ao
1058 3382 1115 3436 liti-

98 3460 228 3530 gatorem
246 3457 327 3525 decet
345 3459 495 3526 patronum
514 3465 615 3509 aPl'M
628 3463 696 3525 puto
715 3456 813 3525 quales
836 3455 1011 3524 litigatorem
1035 3454 1117 3509 decet

98 3528 254 3604 (proferre.
275 3528 414 3597 quidquid
433 3528 507 3583 enim
527 3527 669 3584 dicentem
685 3527 774 3584 iudex
790 3526 897 3599 audit>
913 3528 1079 3596 palestinam

720 3778 734 3799 Δ
814 3774 855 3800 h
