2460 3854
420 139 440 192 1.
470 144 494 206 u,
514 144 627 193 aza-as.
656 144 796 206 a,1-11.
1073 139 1116 204 53

94 309 156 365 mis
179 306 331 365 inbuatur.
364 307 454 366 utiles
478 308 664 385 tragoediae:
688 307 774 366 alunt
797 311 827 366 et
849 308 947 383 lyrici,
971 310 998 367 si
1015 309 1149 368 tament

95 397 128 454 in
147 397 195 454 his
215 415 275 454 non
294 398 429 455 auctores
448 397 546 472 mod0,
561 397 614 456 sed
631 397 722 455 etiam
740 400 840 472 partes
860 400 959 472 operis
978 399 1116 475 elegeris:

95 504 169 543 nam
193 488 223 544 et
247 483 354 543 Graeci
380 485 504 544 licenter
526 487 622 544 multa
645 489 675 544 et
697 485 857 545 Horatium
880 487 912 544 in
940 486 1117 562 quibusdam

97 574 193 634 nolim
226 574 426 648 interpretari.
468 576 565 652 elegia
601 594 681 649 vero,
721 577 824 650 utique
859 595 918 651 qua
956 579 1047 650 amat,
1088 579 1117 634 et

72 662 351 738 shendecasyllabi‚
384 664 435 738 qui
467 667 538 722 sunt
567 667 717 722 commata
746 663 935 724 sotadeorum
967 657 1051 746 (nam
1081 665 1117 722 de
1182 694 1183 697 ¹

97 753 229 812 Sotadeis
262 772 299 809 ne
331 753 573 827 praecipiendum
606 753 725 828 quidem
758 747 817 833 est)
851 757 1059 828 amoveantur,
1092 756 1118 812 si

97 841 163 899 fieri
185 843 305 916 potest,
319 842 346 900 si
367 842 475 918 minus,
499 844 577 901 certe
601 843 640 901 ad
658 841 771 901 firmius
791 844 899 901 aetatis
916 843 1008 901 robur
1025 862 1118 901 reser-

98 933 215 989 ventur.
239 931 417 1005 comoediae,
436 949 512 1006 quae
530 931 693 1006 plurimum
712 932 844 990 conferre
864 931 903 990 ad
917 932 1117 1006 eloquentiam
1134 931 1149 985 l

97 1023 206 1095 potest,
230 1037 298 1077 cum
320 1039 374 1094 per
397 1020 493 1078 omnis
516 1023 547 1078 et
568 1039 711 1094 personas
735 1023 765 1078 et
788 1021 922 1079 adfectus
945 1024 1002 1094 eat,
1031 1039 1118 1096 quem

64 1127 85 1166 n
97 1127 186 1166 usum
214 1108 246 1165 in
273 1110 373 1183 pueris
400 1112 512 1183 putem,
539 1111 631 1184 paulo
654 1113 723 1184 post
746 1128 799 1168 suo
822 1109 887 1169 loco
911 1110 1020 1168 dicam:
1048 1129 1119 1167 nam

98 1216 168 1256 cum
197 1216 294 1255 mores
323 1198 355 1254 in
378 1199 445 1256 tuto
469 1199 590 1272 fuerint,
616 1200 696 1256 inter
717 1200 881 1274 praecipua
904 1199 1030 1276 legenda
1053 1201 1117 1256 erit.

97 1287 133 1345 de
161 1285 327 1345 Menandro
359 1286 475 1361 loquor,
506 1306 560 1345 nec
589 1290 690 1346 tamen
721 1288 895 1346 excluserim
923 1289 1007 1346 alios.
1048 1287 1152 1345 nam8

96 1375 204 1434 Latini
241 1393 358 1451 quoque
391 1379 526 1434 auctores
559 1377 694 1434 adferent
725 1376 869 1435 utilitatis
902 1376 1030 1452 aliquid,
1067 1377 1119 1435 sed

96 1466 211 1540 pueris,
235 1483 310 1540 quae
333 1464 461 1522 maxime
483 1466 637 1543 ingenium
661 1466 746 1524 alant
768 1468 858 1541 atque
878 1468 1010 1524 animum
1029 1485 1119 1543 auge·

62 1574 82 1614 rs
96 1557 160 1628 ant,
185 1553 398 1630 praelegenda:
422 1556 536 1628 ceteris,
561 1573 637 1628 quae
662 1555 700 1613 ad
723 1555 920 1613 eruditionem
942 1556 1030 1614 modo
1053 1574 1119 1629 per-

94 1645 207 1717 tinent,
230 1643 321 1720 longa
345 1645 426 1701 aetas
451 1645 582 1717 spatium
605 1644 697 1702 dabit.
728 1645 858 1702 multum
882 1647 982 1703 autem
1003 1647 1118 1703 veteres

94 1734 192 1792 etiam
215 1731 318 1789 Latini
346 1733 511 1802 confenmt,
540 1751 721 1809 quamquam
748 1734 884 1809 plerique
907 1735 975 1808 plns
998 1735 1119 1810 ingenio

95 1841 192 1897 quam
215 1823 279 1878 arte
298 1820 467 1895 valuerunt,
490 1823 522 1878 in
541 1824 645 1897 primis
665 1821 783 1897 copiam
801 1822 966 1896 verborum,
991 1840 1119 1898 quorum

93 1913 129 1969 in
157 1909 323 1987 tragoediis
352 1912 494 1986 gravitas,
522 1913 553 1967 in
583 1912 742 1970 comoediis
771 1912 921 1988 elegantia
945 1915 974 1969 et
998 1911 1119 1986 quidam

52 2018 80 2060 ao
94 1999 185 2060 velut
207 1996 374 2075 ἀττικισμός
397 2001 527 2057 inveniri
549 2002 657 2075 potest.
688 2002 860 2060 oeconomia
884 2019 1003 2075 quoqne
1026 2002 1059 2057 in
1080 2000 1152 2057 iist)

95 2089 275 2164 diligentior
303 2107 393 2162 quam
420 2090 453 2144 in
475 2089 625 2163 plerisque
648 2108 794 2148 novorum
817 2090 884 2164 erit,
912 2092 964 2163 qui
987 2090 1119 2147 omnium

95 2196 224 2254 operum
252 2177 346 2235 solam
375 2179 519 2236 virtutem
549 2181 712 2237 sententias
741 2180 933 2252 putaverrmt.
975 2179 1118 2236 sanctitas

95 2269 180 2326 certe
204 2268 243 2340 et,
266 2268 301 2324 ut
323 2268 365 2324 sic
384 2266 490 2340 dicam,
513 2268 643 2325 virilitas
663 2267 700 2325 ab
718 2269 756 2325 iis
775 2267 903 2342 petenda
923 2270 976 2341 est,
1000 2267 1118 2341 quando

94 2374 153 2416 nos
187 2356 220 2412 in
252 2357 352 2413 omnia
384 2355 559 2414 deliciarum
596 2359 670 2414 vitia
703 2357 821 2415 dicendi
853 2375 970 2431 quoque
1002 2358 1119 2415 ratione

48 2464 80 2506 aa
95 2444 285 2505 defluximus.
331 2444 459 2520 denique
496 2445 650 2503 credamus
688 2448 810 2504 summis
847 2445 1030 2520 oratoribus,
1067 2447 1120 2520 qui
1134 2446 1172 2501 10

94 2537 234 2594 ueterum
266 2536 405 2609 poemata
437 2533 485 2592 vel
518 2535 557 2592 ad
587 2533 676 2592 fidem
708 2552 864 2593 cansarum
891 2535 939 2593 vel
967 2535 1006 2593 ad
1033 2553 1119 2593 orna-

94 2625 234 2682 mentum
266 2623 453 2698 eloquentiae
485 2623 654 2681 adsumunt.
695 2643 766 2682 nam
801 2625 960 2699 praecipue
998 2624 1120 2698 quidem
1134 2624 1170 2680 11

96 2712 183 2788 apud
211 2710 390 2786 Ciceronem,
422 2712 593 2787 frequenter
622 2715 723 2770 tamen
751 2713 832 2788 apud
859 2712 998 2771 Asinium
1028 2715 1120 2770 etiam

97 2806 130 2861 et
153 2802 277 2874 ceteroS,
300 2803 352 2877 qui
375 2804 445 2859 sunt
467 2803 605 2877 proximi,
628 2802 762 2860 videmus
786 2802 873 2877 Enni,
893 2802 975 2876 Acci,
998 2801 1119 2875 Pacuvi,

50 2915 81 2954 ao
95 2889 211 2964 Lucili,
240 2890 374 2965 Terenti,
404 2889 514 2949 Caecili
542 2893 572 2948 et
600 2890 727 2950 aliorum
754 2892 847 2950 inseri
873 2910 976 2950 versus
1004 2910 1119 2949 summa

96 2998 160 3039 non
203 2979 379 3038 eluditionis
416 2979 504 3038 modo
543 2981 656 3057 gratia,
698 2980 750 3039 sed
786 2982 877 3039 etiam
913 2980 1118 3054 iucunditatis,

97 3087 168 3129 oum
210 3069 335 3142 poeticis
376 3069 583 3144 voluptatibus
625 3088 710 3128 aurea
753 3089 769 3127 a
810 3070 922 3128 forensi
959 3071 1119 3145 asperitate

173 3238 306 3292 2iniis13
331 3237 880 3311 lelegeaBA²lquaePeddlamantPT
909 3238 1118 3306 5hendecasyl-

96 3311 179 3366 labia
198 3310 247 3378 qui
266 3314 332 3365 sunt
351 3313 491 3364 commota
508 3320 536 3363 B
553 3310 792 3378 hendecasyllaba
811 3327 883 3379 quae
898 3313 964 3363 sunt
977 3311 1118 3363 commata

98 3394 201 3452 (aquae
221 3384 287 3436 sunt
301 3381 347 3445 Β)
362 3392 385 3433 A
403 3381 634 3450 hendecasyllabi
649 3381 795 3450 atquibus
810 3383 876 3435 sunt
890 3383 1030 3434 commota
1045 3391 1072 3432 P

98 3461 132 3509 11
147 3453 343 3523 praecipue?
414 3453 659 3506 20et23hisAP
733 3458 766 3505 23
782 3455 949 3508 estornBP
1028 3451 1123 3504 ‘toda-

96 3525 260 3580 fluxerimus
275 3534 307 3576 B
331 3523 494 3577 defleximus
514 3534 543 3578 Ρ
613 3530 648 3580 29
668 3524 800 3582 ridemus
822 3534 859 3581 Aa
875 3524 1007 3579 uidimus
1026 3531 1080 3574 m²
