2460 3854
493 140 538 194 Vl.
560 145 585 208 a,
604 145 718 196 aa-ar.
1049 142 1117 207 335

97 329 284 388 quamquam
309 309 405 386 aliqui
427 312 625 386 reperiuntur,
649 311 700 385 qui
722 329 760 368 ue
782 310 813 369 id
833 311 961 387 quidem,
986 311 1064 388 quod
1083 313 1117 370 iu

98 402 181 476 ipsos
200 399 333 458 recidere
356 400 460 475 possit,
484 399 605 458 evitent.
629 399 708 474 quod
727 400 799 459 16611
816 399 939 478 Longus
955 399 1118 476 Sulpicius,

100 491 161 565 qui,
195 507 264 548 cum
287 491 352 564 ipse
374 489 563 548 foedissimus
594 491 679 562 esset,
713 488 756 547 ait
787 508 865 562 eum,
895 491 999 548 contra
1029 509 1118 565 quom

99 579 212 637 iudicio
244 577 362 636 liberali
394 578 513 650 aderat,
541 595 578 634 ne
608 577 714 637 faciem
744 578 864 652 quidem
893 578 1001 637 habere
1029 578 1118 638 liberi

74 666 244 729 chominis:
275 669 325 725 cui
351 667 532 742 respondens
555 666 706 725 Domitius
733 667 808 726 Afer
840 663 886 725 ‘ex
909 663 976 741 tui',
1007 668 1117 744 inquit,

102 753 209 815 ‘animi
232 755 389 830 sententia,
420 755 531 832 Longe,
564 755 616 830 qui
642 756 754 814 malam
781 757 887 815 facicm
911 756 1009 830 habat,
1041 757 1118 815 liber

100 864 162 904 non
186 840 263 904 est?'
294 845 451 903 vitandum
474 846 575 917 etiam,
597 865 634 903 ne
657 847 805 920 petulans
827 865 864 903 ne
888 845 1056 922 superbum,
1079 865 1117 904 ne
1130 851 1172 906 38

103 935 178 1008 loco,
201 953 239 992 ne
262 937 396 1010 tempore
420 934 561 1006 alienum,
591 953 629 992 ne
651 941 862 1010 praeparatum
890 939 921 993 et
948 934 1035 994 domo
1065 935 1113 993 ad·

101 1025 199 1082 latum
222 1022 360 1082 videatur
378 1022 457 1098 quod
476 1022 615 1082 dicimus:
638 1042 709 1081 nam
727 1023 868 1082 adversus
886 1025 1017 1096 miseros,
1040 1025 1118 1083 sicut

65 1135 90 1174 io
104 1131 195 1189 supra
218 1112 361 1184 dixeram,
383 1113 563 1171 inhumanus
587 1115 633 1170 est
654 1112 745 1171 iocus.
769 1113 820 1170 scd
844 1112 967 1187 quidam
984 1114 1030 1171 ita
1048 1116 1118 1172 sunt

102 1204 241 1278 receptae
272 1202 461 1260 auctoritatis
492 1219 527 1259 ac
555 1204 645 1259 notae
674 1200 885 1276 verocundiae,
916 1204 952 1260 ut
980 1202 1118 1261 nocitura

103 1290 198 1350 sitin
222 1309 271 1349 eos
295 1290 410 1348 dicendi
435 1290 619 1365 petulantia3
649 1309 719 1348 nam
746 1291 783 1348 de
813 1292 916 1349 amicis
943 1291 1005 1349 iam
1031 1310 1116 1366 prae

102 1384 222 1456 ceptum
241 1383 294 1438 est.
312 1380 389 1438 illud
408 1399 466 1438 non
485 1373 525 1437 ad
540 1381 666 1437 oratoris
681 1379 849 1454 consilium,
867 1380 918 1439 sed
933 1379 971 1438 ad
988 1380 1116 1438 hominis
1131 1381 1173 1438 34

102 1471 246 1545 pertinet:
269 1470 398 1528 lacessat
419 1468 476 1526 hoc
497 1468 586 1527 modo
610 1487 697 1542 quem
715 1468 831 1527 laedere
851 1471 891 1527 sit
909 1468 1117 1544 periculosum,

66 1579 88 1620 16
102 1579 139 1617 no
155 1561 209 1616 aut
222 1557 399 1617 inimicitiae
414 1575 520 1634 graves
538 1559 735 1632 insequantur
754 1562 807 1616 aut
824 1558 921 1634 turpis
941 1558 1116 1617 satisfactio.

102 1648 182 1706 male
206 1649 298 1706 etiam
321 1647 440 1721 dicitur,
464 1645 544 1721 quod
565 1648 597 1704 iu
620 1647 716 1722 pluris
735 1649 882 1721 convenit,
905 1648 931 1705 si
949 1650 1003 1704 aut
1020 1647 1116 1706 natio-
1159 1682 1160 1686 =

101 1757 153 1796 nos
177 1739 259 1796 totae
282 1739 468 1796 incessantur
491 1737 543 1794 aut
566 1734 684 1794 ordines
708 1737 761 1793 aut
784 1737 918 1794 condicio
942 1738 995 1794 aut
1017 1737 1117 1795 studia

101 1827 274 1884 multorum.
299 1845 343 1899 ea,
367 1843 442 1901 quae
466 1825 544 1883 dicet
566 1824 730 1898 virbonus,
754 1825 854 1883 omnia
873 1827 955 1885 salva
970 1825 1116 1903 dignitate
1131 1828 1173 1882 35

103 1934 136 1973 ac
173 1915 353 1974 verecundia
390 1914 480 1972 dicet:
517 1914 644 1972 nimium
680 1916 759 1971 euim
795 1916 872 1973 risus
906 1915 1036 1990 pretium
1063 1917 1117 1990 est,

65 2025 89 2064 66
102 2007 129 2063 61
152 2004 313 2080 probitatis
336 2003 487 2080 impendio
512 2005 637 2062 constat.

169 2093 256 2152 Unde
279 2095 381 2150 autem
404 2092 579 2151 concilietur
602 2093 679 2150 61666
708 2096 738 2151 61
761 2092 868 2167 quibus
892 2112 927 2151 ex
954 2093 1027 2152 locis
1054 2094 1117 2168 peti

102 2183 206 2257 soleat,
229 2181 438 2240 difficillimum
462 2181 566 2240 dicere.
590 2201 660 2240 nam
683 2183 709 2240 si
727 2182 840 2258 species
859 2200 959 2240 omncs
978 2183 1117 2257 persequi

102 2272 238 2346 velimus,
267 2290 321 2330 neo
344 2271 466 2330 modum
492 2270 672 2347 reperiemus
701 2274 731 2330 61
762 2271 875 2330 frustra
906 2270 1116 2330 laborabimus.

101 2379 198 2435 neque
222 2361 302 2418 enim
328 2363 427 2420 minus
456 2363 608 2419 numerosi
639 2363 710 2420 sunt
740 2360 808 2434 loci,
838 2379 873 2417 er
904 2360 1010 2434 quibus
1043 2361 1172 2419 1166636

64 2449 194 2522 indicta,
218 2468 307 2524 quam
330 2451 385 2525 illi,
409 2471 444 2508 ex
468 2451 575 2525 quibus
599 2471 660 2525 eae,
683 2469 757 2525 quas
781 2450 944 2507 sententias
966 2467 1117 2524 vocamus,

102 2538 262 2613 ducuntur,
293 2559 389 2614 noque
417 2539 479 2596 alii.
516 2557 586 2597 nam
617 2541 666 2598 hic
699 2557 817 2615 quoque
850 2540 895 2596 661
925 2539 1059 2598 inventio
1087 2542 1118 2598 et

103 2629 242 2700 elocutio,
273 2633 363 2703 atqua
385 2626 480 2701 ipsius
505 2627 681 2687 elocutionis
705 2630 751 2687 vis
774 2629 836 2686 alia
858 2629 890 2684 in
917 2626 1029 2702 verbis,
1056 2628 1117 2687 alia

102 2717 132 2775 in
157 2716 269 2792 figuris.
296 2719 374 2775 risus
396 2714 492 2790 igitur
520 2717 656 2774 oriuntur
684 2720 737 2774 aut
764 2735 799 2774 66
827 2735 949 2792 corpore
976 2717 1053 2791 eius,
1084 2718 1170 2775 1617

103 2826 193 2881 quem
216 2806 351 2879 dicimus,
379 2805 433 2862 aut
456 2821 491 2859 cx
515 2803 623 2876 animo,
656 2805 708 2877 qui
734 2806 823 2864 factis
851 2805 887 2863 ab
911 2824 945 2865 66
969 2806 1116 2881 dictisque

64 2916 88 2955 66
103 2895 271 2973 colligitur,
295 2896 348 2952 aut
371 2912 405 2952 ex
433 2892 479 2963 116,
504 2909 581 2964 quae
604 2894 674 2951 sunt
697 2896 779 2952 extra
802 2897 913 2971 posita3
941 2896 1021 2954 intra
1044 2896 1117 2953 haec

103 2985 183 3043 enim
207 2987 253 3043 est
276 2983 372 3042 omnis
395 2981 588 3055 vituperatio:
623 2998 700 3055 quae
731 2982 757 3039 si
788 2985 908 3061 gravius
925 2983 1038 3060 'posita
1068 2986 1116 3060 sit,

177 3242 254 3296 3611
273 3252 333 3294 Ad:
353 3241 390 3296 ad
409 3240 495 3294 ruit
518 3239 554 3294 ad
577 3249 598 3292 V
618 3239 669 3291 6111
687 3248 719 3292 M
823 3249 892 3297 dex
910 3243 953 3297 tui
972 3264 1004 3296 a:
1033 3261 1066 3296 ex
1084 3243 1116 3296 tu

103 3318 232 3368 ,1611116
255 3323 281 3381 V,
301 3323 328 3366 P
344 3315 376 3367 16
393 3330 442 3368 ras
514 3317 547 3366 10
567 3310 628 3380 scd]
647 3310 677 3363 61
694 3311 782 3366 Halm
854 3321 886 3367 12
907 3314 1031 3385 dicandi]
1046 3313 1118 3368 dicit

102 3397 126 3439 Α
210 3391 242 3438 13
271 3383 389 3439 66616616
418 3385 549 3439 Harster:
581 3382 644 3436 orat
666 3380 721 3435 fori
744 3393 801 3434 *Δ
824 3392 873 3438 ora
891 3385 945 3439 fori
971 3397 1013 3438 ca
1031 3402 1116 3439 ora*

103 3458 175 3511 16666
195 3466 222 3509 Ρ
238 3456 338 3510 orandi
356 3455 415 3511 1666
437 3465 458 3508 V
473 3472 551 3510 oram
569 3453 628 3507 1666
642 3461 675 3506 Μ
745 3457 777 3506 19
797 3454 873 3510 dicet
886 3457 939 3510 edd
951 3464 1017 3512 aad:
1036 3457 1119 3510 dccet

104 3538 184 3581 ,1661
202 3528 303 3582 decent
317 3537 368 3580 ΡΥ
436 3533 469 3581 15
489 3524 737 3594 6661166166666
757 3533 858 3580 aava(
874 3543 914 3580 aa
928 3545 948 3580 6
966 3537 992 3578 u
