2438 3832
150 122 214 186 138
447 119 675 186 QVINTMAM
691 119 783 174 mss.
803 119 860 174 ΟΒ.

149 290 202 349 alii
225 290 458 366 quaestiones
480 289 708 349 universales
731 288 874 362 civiles,
895 288 951 346 alii
974 289 1164 363 quaestio·

148 398 209 438 nes
245 379 461 455 philosopho
502 379 770 446 convenientis,
805 376 977 436 Athenaeus
1018 380 1164 452 partem

115 468 278 527 (lcausae
308 468 449 544 appellat
485 468 541 526 hoc
571 487 665 545 genus
697 466 798 526 (licere
828 465 952 525 scientia
984 468 1016 524 et
1043 468 1164 525 actione

149 556 319 633 distinguit,
348 560 383 615 ut
405 557 446 615 sit
468 556 610 615 scientiae
634 552 686 615 ‘an
708 554 897 631 providentia
919 554 1049 614 mundus
1076 573 1164 632 rega-

148 641 220 720 tur',
243 646 368 704 actionis
392 641 444 705 ‘an
471 645 670 704 accedendum
700 645 738 703 ad
766 664 830 703 rem
855 643 1007 718 publicam
1035 643 1164 702 admini-
1190 664 1202 707 a

148 729 322 795 strandam'.
346 734 428 809 prius
451 736 543 792 trium
570 753 712 812 generum
735 729 784 792 ‘an
813 733 861 807 sit,
891 732 965 808 quid
991 734 1041 806 sit,
1074 733 1164 808 quale

149 818 210 898 sit’3
237 825 337 882 omnia
360 825 439 881 enim
461 824 535 882 haec
557 825 691 901 ignorari
713 826 850 898 possunt:
879 839 1005 896 sequens
1035 820 1165 879 duorum

118 908 221 989 l‘quo
244 913 333 971 modo
357 911 566 987 adipiscamur,
589 931 649 987 quo
668 911 756 970 modo
775 905 915 969 utamur'.
938 909 1043 968 finitae
1060 913 1166 969 autem

149 1005 218 1060 sunt
236 1021 271 1060 ex
291 1001 445 1077 complexu
462 1020 569 1075 rerum,
583 1019 786 1076 personarum,
799 1001 967 1074 temporum
981 1002 1165 1058 ceterorum·

150 1109 220 1165 que:
243 1090 299 1148 hae
322 1086 480 1160 ὑποθέσεις
504 1110 523 1148 a
541 1088 660 1149 Graecis
684 1088 831 1161 dicuntir,
855 1106 982 1146 causae
1005 1088 1205 1150 anostris.1o

148 1182 181 1236 in
202 1180 250 1238 his
273 1180 369 1238 omnis
393 1180 527 1254 quaestio
551 1179 670 1237 videtur
692 1180 771 1236 circa
797 1195 844 1235 res
867 1195 1068 1252 personasque
1098 1195 1165 1236 cou-

115 1267 261 1328 8sistere.
286 1268 413 1344 amplior
436 1271 480 1326 est
503 1286 619 1342 semper
640 1266 768 1339 infinita,
794 1266 864 1324 inde
887 1267 967 1324 enim
995 1264 1084 1324 finita
1115 1266 1165 1325 de·

149 1357 271 1416 scandit.
305 1356 386 1431 quod
417 1359 452 1414 ut
484 1357 618 1432 exemplo
641 1358 753 1431 pateat,
785 1354 904 1414 infinita
934 1357 981 1413 est
1009 1349 1061 1412 ‘an
1089 1375 1167 1415 uxor

150 1440 304 1520 ducenda’,
327 1445 413 1503 finita
433 1441 484 1504 ‘an
503 1443 610 1504 (latoni
629 1438 783 1517 ducenda’‚
806 1444 931 1519 ideoque
950 1461 1013 1503 esse
1027 1446 1166 1503 suasoria

149 1537 257 1609 potest.
290 1534 340 1593 sed
365 1535 456 1592 etiam
478 1536 609 1593 remotae
632 1553 650 1591 a
672 1533 807 1608 personis
829 1533 959 1608 propriis
982 1531 1022 1590 ad
1045 1532 1205 1608 aliquidne

150 1624 255 1681 referri
278 1623 382 1681 solent.
413 1626 458 1682 est
481 1623 560 1681 enim
584 1622 708 1698 simplex
732 1618 783 1681 ‘an
810 1640 857 1680 res
884 1620 1006 1695 publica
1036 1620 1165 1680 admini-

150 1707 298 1771 stranda':
321 1712 449 1770 refertur
467 1712 506 1770 ad
524 1711 641 1786 aliquid
656 1707 707 1769 ‘an
724 1712 757 1769 in
774 1709 933 1786 tyrannide
952 1709 1165 1770 administran-

117 1796 210 1859 tda'.
234 1800 285 1858 sed
308 1801 357 1858 hio
381 1819 498 1876 quoque
517 1799 620 1858 subest
637 1801 720 1859 velut
738 1800 835 1858 latens
853 1817 993 1874 persona3
1015 1801 1166 1874 tyrannus

151 1890 230 1947 enim
249 1888 382 1966 geminat
400 1890 614 1965 quaestionem,
633 1888 792 1964 subestque
811 1891 841 1946 et
857 1889 1002 1962 temporis
1021 1890 1053 1946 et
1066 1889 1166 1964 quali-

149 1980 222 2038 tatis
245 1979 339 2037 tacita
353 1979 412 2036 vis:
434 1977 565 2036 nondum
583 1980 685 2036 tamen
703 1978 759 2036 hoc
772 1977 891 2053 propria
905 1976 1015 2035 dixeris
1034 1994 1166 2037 causam.
1180 1999 1206 2039 so

150 2068 205 2124 hae
230 2069 339 2141 autem,
363 2080 439 2141 quas
450 2066 583 2125 infinitas
602 2085 684 2139 voco,
708 2069 737 2124 et
755 2065 943 2143 generales
958 2066 1167 2141 appellantur:

150 2156 268 2232 quodsi
289 2158 334 2214 est
347 2175 459 2226 verum,
481 2155 584 2213 finitae
599 2154 779 2230 speciales
798 2156 891 2212 erunt.
914 2154 947 2211 in
966 2155 1049 2213 omni
1062 2158 1166 2214 autem

99 2243 137 2298 lo
151 2245 272 2319 speciali
295 2246 399 2319 utique
422 2244 500 2304 inest
518 2244 673 2321 generalis,
697 2247 731 2302 ut
750 2242 880 2319 quaesit
896 2242 987 2317 prior.
1011 2261 1047 2302 ac
1063 2247 1167 2304 nescio

151 2353 190 2391 an
212 2335 244 2391 in
268 2335 365 2393 causis
385 2352 510 2408 quoque,
534 2332 679 2408 quidquid
697 2333 729 2390 iu
748 2333 951 2407 quaestionem
969 2332 1054 2391 venit
1067 2334 1167 2407 quali-

150 2423 233 2497 tatis,
256 2422 393 2498 generale
418 2424 465 2482 sit.
489 2422 562 2481 Milo
586 2420 723 2480 Clodium
746 2421 864 2494 occidit,
886 2422 951 2478 iure
970 2421 1080 2479 occidit
1093 2421 1168 2482 insi·
1181 2443 1206 2484 aa

151 2510 312 2569 diatorem:
342 2530 438 2569 nonne
468 2511 524 2569 hoc
554 2511 715 2586 quaeritur,
746 2529 785 2568 an
814 2511 854 2568 sit
883 2509 930 2568 ius
956 2509 1168 2571 insidiatorem

151 2597 324 2657 occidendi?
355 2600 426 2674 quid
448 2601 481 2657 in
510 2597 709 2657 coniecturis?
741 2618 801 2657 non
831 2598 886 2656 illa
914 2599 1083 2675 generalia:
1116 2595 1168 2659 ‘an

151 2706 241 2746 causa
256 2688 373 2747 sceleris
393 2686 514 2747 odium?
537 2685 707 2762 cupiditas?
731 2707 770 2745 an
788 2688 944 2746 tormentis
963 2683 1168 2746 credendum?

150 2776 277 2835 testibus
296 2795 335 2834 an
353 2777 536 2853 argumentis
555 2778 650 2834 maior
663 2775 736 2834 fides
750 2771 931 2850 habundat,
944 2793 1015 2834 nam
1028 2776 1168 2837 finitione

152 2865 274 2941 quidem
306 2865 468 2940 oonprendi
497 2865 573 2922 nihil
601 2883 661 2924 non
690 2866 721 2922 in
752 2866 924 2924 uuiversum
953 2867 1070 2924 certum
1100 2866 1167 2925 erit.
1183 2888 1209 2929 ao

99 2952 135 3005 ll
153 2953 273 3029 quidam
296 2957 405 3028 putant
424 2956 515 3013 etiam
535 2972 584 3011 eas
603 2951 701 3024 θέσεις
719 2972 806 3028 posse
824 2952 988 3028 aliquando
1005 2957 1168 3029 nominari,

152 3062 227 3119 quae
251 3045 384 3118 personis
408 3043 563 3117 causisque
593 3043 811 3116 contineantur,
840 3043 929 3101 aliter
954 3045 1167 3103 tantummodo

224 3247 357 3301 apanis.
377 3249 446 3300 orat.
468 3252 509 3313 18,
529 3252 561 3300 62

150 3369 365 3378 ——-—--—-

92 3490 99 3499 ‘
223 3425 336 3495 tprius
361 3434 422 3478 BP:
446 3425 567 3494 primum
586 3435 608 3477 Α
700 3431 733 3479 10
757 3426 812 3480 hae
836 3434 900 3480 BP:
933 3441 1008 3495 quae
1039 3437 1064 3479 A

140 3502 177 3549 18
195 3498 328 3566 tyrannis
345 3507 376 3552 Ρ
