2438 3832
156 138 224 203 254
460 137 687 204 QVINTILIANI
704 137 795 194 INST.
816 138 872 194 OR.
982 143 984 149 '

157 325 204 366 res
229 309 318 382 atque
341 326 496 384 personas:
519 312 554 365 ut
577 326 676 381 causa,
694 311 820 383 tempus,
850 309 943 383 locus,
970 311 1099 384 occasio,
1130 313 1176 369 in·

157 399 363 472 strumentum,
393 396 498 455 modus
522 398 552 454 et
575 398 673 456 cetera
694 416 793 455 rerum
816 399 878 456 sint
901 397 1077 456 accidentia.
1108 419 1175 475 per·

157 485 238 545 sonis
262 487 362 544 autem
384 504 444 544 non
468 484 615 560 quidquid
638 485 755 560 accidit,
779 486 996 561 exsequendum
1019 487 1097 545 mihi
1121 492 1175 564 est,

157 578 191 632 ut
209 574 344 650 plerique
366 574 508 648 fecerunt,
537 574 589 632 sed
618 574 695 632 unde
727 577 904 652 argumenta
932 578 1010 634 sumi
1038 580 1174 650 possunt.

103 661 192 721 2411
214 682 303 738 porro
327 666 408 722 sunt:
433 681 536 741 genus,
564 682 631 721 nam
657 664 768 722 similes
791 663 965 739 parentibus
988 683 1024 723 ac
1050 666 1174 724 maiori·
1193 683 1217 723 -a

156 751 212 812 bus
258 751 313 810 filii
358 753 532 828 plerumque
578 752 751 826 creduntur,
798 754 828 811 11
872 772 1096 828 nonnumquam
1136 755 1175 813 ad

157 841 281 900 honeste
311 843 498 916 turpiterque
526 839 687 899 vivendum
708 840 778 899 inde
806 859 913 900 causae
941 841 1051 900 fluunt:
1080 843 1174 918 natio,

157 950 227 988 nam
251 933 281 988 et
303 929 441 1008 gentibus
464 930 579 1006 proprii
602 947 698 988 mores
722 932 793 989 sunt
815 948 869 988 nec
891 929 970 989 idem
983 933 1016 989 in
1034 931 1173 1007 barbaro,

102 1019 141 1074 25
156 1020 299 1094 Romano,
320 1018 431 1078 Graeco
450 1018 603 1094 probabile
623 1022 682 1078 est:
704 1020 813 1094 patria,
837 1022 908 1096 quia
926 1020 1067 1078 similiter
1081 1023 1174 1080 etiam

158 1107 327 1167 civitatium
349 1109 440 1186 leges,
463 1109 611 1182 instituta,
641 1108 794 1183 opiniones
818 1108 928 1166 habent
956 1109 1172 1168 differentiam:
1187 1128 1211 1170 ro

156 1215 250 1271 sexus,
274 1200 310 1256 ut
331 1197 523 1256 latrocinium
541 1197 659 1255 facilius
678 1197 711 1255 in
729 1196 803 1270 viro,
826 1196 1000 1255 veneficium
1013 1200 1046 1255 in
1060 1199 1173 1258 femina

157 1286 273 1344 credas:
298 1289 389 1360 11111,
412 1287 485 1361 quia
509 1285 591 1345 aliud
614 1285 681 1344 aliis
705 1287 790 1345 annis
809 1287 906 1363 magis
926 1286 1078 1346 convenit:
1103 1287 1171 1345 edu·

156 1374 235 1435 catio
259 1376 290 1433 ct
313 1374 479 1450 disciplina,
503 1375 644 1450 quoniam
666 1375 759 1432 refert
782 1394 799 1432 a
822 1375 930 1450 quibus
954 1376 984 1433 ct
1008 1395 1067 1450 quo
1092 1379 1171 1452 quis·

103 1463 143 1517 26
158 1483 216 1539 que
240 1463 328 1522 modo
352 1465 392 1522 sit
420 1464 590 1522 institutus:
617 1463 739 1522 habitus
771 1465 911 1539 corporis,
940 1462 1060 1522 ducitur
1093 1467 1172 1523 enirn

155 1642 278 1713 lantiae,
307 1641 354 1700 his
378 1643 528 1699 contraria
549 1641 582 1699 in
610 1640 774 1701 diversum:
802 1641 935 1716 fortuna,
967 1661 1063 1716 neque
1093 1645 1171 1701 enim

156 1729 236 1787 idem
260 1728 399 1788 credibile
424 1732 469 1787 est
491 1732 523 1787 in
541 1729 634 1789 divite
654 1748 688 1788 ac
707 1750 846 1806 paupere,
869 1733 1045 1806 propinquis
1067 1732 1170 1790 amicis

157 1818 314 1877 clientibus
339 1817 509 1878 abundante
529 1820 559 1876 et
581 1819 626 1878 his
651 1820 786 1878 omnibus
810 1819 962 1878 destituto.
987 1819 1170 1879 condicionis

156 1910 249 1966 etiam
272 1907 416 1966 distantia
440 1911 497 1966 est:
524 1927 595 1965 nam
618 1908 715 1966 clarus
739 1927 777 1966 an
801 1908 952 1983 obscuruS,
975 1909 1171 1985 magistratus

157 2016 195 2054 an
218 1999 362 2072 privatus,
385 1999 472 2072 pater
495 2016 533 2054 an
555 1996 645 2071 filius,
669 1998 741 2056 civis
766 2016 804 2055 an
826 2000 1009 2074 peregrinus,
1032 1997 1110 2057 liber
1133 2018 1172 2057 an
1184 2017 1209 2057 ao

157 2104 268 2162 servire,
291 2087 417 2144 maritus
442 2105 480 2143 an
504 2084 627 2159 caelebs,
651 2105 757 2161 parens
781 2085 939 2146 liberorum
955 2105 994 2145 an
1009 2085 1100 2146 orbus
1123 2088 1172 2162 sit,

103 2174 140 2229 21
156 2175 320 2250 plurimum
338 2174 445 2233 distat:
470 2175 563 2232 animi
581 2176 697 2248 natura,
717 2177 826 2233 etenim
846 2177 982 2248 avaritia,
1004 2176 1171 2250 iracundia,

157 2263 368 2337 misericordia,
393 2263 561 2337 crudelitas,
585 2265 726 2322 severitas
755 2265 875 2339 aliaque
902 2265 949 2323 his
978 2265 1091 2322 similia
1119 2267 1172 2322 ade

158 2354 258 2411 ferunt
280 2353 367 2412 fidem
391 2354 562 2427 frequenter
585 2354 638 2410 aut
661 2352 828 2427 detrahunt,
856 2354 934 2411 sicut
956 2355 1054 2412 victus
1083 2354 1171 2412 luxu·

156 2442 252 2501 riosus
272 2462 310 2501 an
328 2443 410 2519 frugi
428 2461 466 2500 an
485 2441 621 2501 sordidus
640 2443 807 2516 quaeritur:
831 2441 931 2501 studia
949 2460 1076 2519 quoque,
1100 2461 1172 2501 nam
1185 2463 1210 2503 ao

157 2533 294 2604 rusticus,
326 2532 461 2605 forensis,
493 2532 670 2609 negotiator,
702 2531 801 2604 111111,
837 2532 1003 2608 navigator,
1036 2532 1171 2591 medicus

102 2617 142 2672 28
158 2619 241 2676 aliud
265 2626 355 2696 atque
375 2620 459 2678 aliud
477 2619 617 2679 efficiunt.
636 2619 812 2677 intuendum
830 2620 930 2694 etiam,
952 2619 1026 2696 quid
1040 2619 1173 2680 adfectet

157 2709 292 2782 quisque,
323 2710 456 2784 locuples
490 2708 583 2768 videri
615 2727 653 2765 an
686 2707 825 2782 disertus,
854 2710 951 2767 iustus
984 2727 1022 2766 an
1054 2702 1189 2784 potens(

156 2800 329 2871 spectantur
352 2802 421 2857 ante
446 2802 512 2857 acta
535 2798 681 2872 dictaque,
710 2816 745 2855 ex
773 2799 942 2871 praeteritis
971 2799 1049 2855 enim
1079 2801 1170 2857 aesti-

156 2886 233 2942 mari
256 2885 352 2944 solent
371 2889 547 2962 praesentia.
570 2886 616 2944 his
636 2885 771 2943 adiciunt
791 2886 912 2959 quidam
926 2888 1171 2946 commotionem:
1185 2908 1211 2949 11

103 2973 233 3032 29111111
253 2975 348 3048 accipi
370 2976 476 3034 volunt
494 2976 708 3050 temporarium
727 2976 819 3033 animi
836 2977 959 3048 motum,
983 2977 1061 3033 sicut
1083 2978 1171 3050 iram,

156 3081 306 3138 pavorem.
330 3063 455 3122 consilia
479 3067 577 3122 autem
601 3067 631 3122 11
652 3066 817 3139 praesentis
841 3068 871 3121 et
893 3065 1050 3139 praeteriti
1073 3068 1104 3123 et
1122 3066 1170 3123 fu-

228 3309 244 3356 6
263 3302 327 3373 filii]
347 3303 405 3356 suis
423 3312 529 3370 ABPQ,
554 3303 611 3356 suis
630 3303 681 3356 filii
700 3313 737 3370 11,
760 3304 842 3358 Valla
860 3303 890 3355 in
909 3313 942 3369 P,
961 3302 1013 3355 filii
1028 3312 1093 3373 port
1110 3305 1171 3373 ple-

155 3391 274 3443 rumque
292 3375 350 3429 aad
368 3373 402 3426 ν’
475 3379 489 3427 ‘l
509 3373 600 3427 fluunt
617 3384 681 3428 BP:
701 3377 767 3428 sunt
784 3385 807 3426 A
880 3379 913 3428 10
933 3374 1081 3429 civitatum
1095 3386 1123 3430 P

153 3451 190 3499 13
204 3463 223 3500 a
236 3463 279 3501 om
293 3456 316 3498 A
389 3449 422 3499 15
441 3443 658 3514 frequentarem
671 3455 694 3497 A
768 3451 799 3498 19
819 3448 862 3499 est
876 3462 918 3499 om
932 3455 955 3497 A
1027 3452 1061 3500 27
1081 3447 1170 3502 etiam

138 3527 208 3573 AB:
234 3522 266 3574 et
283 3529 315 3575 B
386 3523 419 3574 31
441 3516 516 3572 hanc
536 3526 613 3572 Pac:
632 3533 676 3572 cru
695 3526 743 3570 AB

572 3776 642 3783 ..—
