2460 3854
472 140 519 194 111.
540 146 565 208 1,
583 145 679 196 s-re.
1020 144 1085 209 129

65 310 173 368 medan
191 310 280 369 Plato
293 310 437 386 appellat,
455 309 627 369 Alcidamas
641 310 766 369 Elaites.
789 311 945 386 Antiphon
959 331 1085 389 quoque,
1100 313 1136 369 11

64 395 163 477 <qui>
178 403 209 458 et
221 401 387 458 orationem
404 400 520 474 primus
538 401 672 458 omnium
685 401 806 473 scripsit
824 403 855 460 et
872 402 967 460 nihilo
985 404 1084 462 minus

66 493 164 547 artem
186 492 218 547 et
239 489 304 562 ipse
328 490 496 563 composuit
519 492 549 547 et
570 507 626 564 pro
650 506 682 547 se
704 488 813 548 dixisse
831 492 944 565 optime
962 494 1008 550 est
1022 509 1083 549 cre-

65 577 155 636 ditus.
180 579 272 636 etiam
295 576 477 653 Polycrates,
500 596 519 636 a
542 595 603 651 quo
625 579 768 651 scriptam
790 579 824 636 in
847 577 990 638 Socraten
1008 579 1082 638 dixi·

65 685 131 726 mus
149 669 325 741 orationem,
339 670 370 724 et
383 665 555 726 Theodorus
569 666 742 742 Byzantius,
756 684 792 725 ex
810 669 848 726 iis
868 670 899 726 et
915 670 988 743 ipse,
1008 688 1082 743 quos

65 755 155 814 Plato
175 756 309 831 appellat
327 754 565 833 λογοδαιδάλους.
589 755 696 813 horum
713 754 805 830 primi
823 760 987 816 communis
1001 759 1080 817 locos
1097 758 1135 812 la

65 848 211 904 tractasse
234 845 375 903 dicuntur
396 843 585 922 Protagoras,
609 842 746 920 Gorgias,
769 844 903 904 adfectus
930 846 1082 922 Prodicus,

66 933 195 1010 Hippias
219 937 251 992 et
271 932 353 991 idem
375 932 555 1012 Protagoras
584 938 615 991 et
642 933 890 1009 Thrasymachus.
920 934 1022 994 Cicero
1049 939 1082 994 in

66 1023 160 1082 Bruto
184 1025 275 1100 negat
289 1026 358 1081 ante
381 1021 514 1081 Periclea
533 1024 679 1098 scriptum
701 1022 873 1098 quidquam,
896 1024 977 1098 quod
995 1044 1081 1084 orna-

49 1115 130 1172 ›tum
160 1113 328 1170 oratorium
358 1111 482 1170 habeat:
512 1113 575 1170 cius
607 1112 710 1186 aliqua
741 1112 820 1170 ferri.
854 1113 991 1188 equidem
1021 1131 1081 1173 non

65 1202 181 1276 reperio
205 1200 370 1277 quidquam
387 1203 474 1259 tanta
493 1200 680 1276 eloquentiae
699 1201 781 1258 fama
799 1200 931 1278 dignum,
954 1202 1080 1279 ideoque

66 1292 164 1349 minus
187 1292 283 1348 miror
305 1308 376 1362 esse,
399 1292 451 1364 qui
474 1290 550 1348 nihil
575 1289 612 1348 ab
636 1308 669 1348 eo
693 1291 837 1363 scriptum
860 1295 975 1365 putent,
1008 1292 1080 1351 haec

66 1383 173 1451 autem,
198 1397 274 1454 quae
297 1380 441 1452 feruntur,
465 1378 503 1436 ab
527 1380 595 1438 aliis
619 1397 681 1437 esse
705 1381 878 1453 composita.
902 1380 948 1438 his
967 1380 1132 1439 succes-13

67 1486 125 1527 sere
139 1468 240 1541 multi,
258 1467 310 1527 sed
324 1468 505 1527 clarissimus
520 1466 649 1545 Gorgiae
664 1467 783 1526 auditor
797 1467 957 1542 Isocrates3
975 1489 1079 1544 quam-

48 1576 154 1633 sqnam
182 1557 219 1615 de
246 1559 438 1632 praeceptore
466 1559 530 1616 eius
562 1559 642 1615 inter
669 1560 803 1615 auctores
835 1576 894 1615 non
927 1561 1076 1618 convenit:

65 1665 115 1706 nos
138 1648 243 1705 tamen
265 1645 424 1706 Aristoteli
447 1646 603 1705 credimus.
627 1646 696 1703 hino
719 1645 802 1704 velut
825 1647 959 1707 diversae
983 1650 1078 1706 secari
1094 1645 1131 1700 14

65 1739 226 1812 coeperunt
250 1737 324 1794 viae.
347 1753 417 1794 nam
441 1738 471 1793 et
493 1735 634 1794 Isocratis
657 1737 909 1810 praestantissimi
936 1737 1078 1813 discipuli

63 1825 185 1883 fuerunt
217 1825 250 1882 in
282 1826 364 1883 omni
395 1823 562 1883 studiorum
594 1843 711 1901 genere,
743 1842 836 1899 eoque
869 1826 931 1882 iam
962 1829 1077 1884 seniore

62 1906 220 1996 (octavum
243 1915 322 1971 enim
345 1916 375 1971 et
397 1915 645 1990 nonagensimum
675 1914 812 1988 implevit
840 1906 966 1994 annum)
994 1921 1076 1989 post-

48 2002 236 2063 *meridianis
260 2002 368 2062 scholis
392 2002 568 2062 Aristotcles
590 2003 762 2078 praecipere
792 2006 887 2061 artem
915 2006 1076 2062 oratoriam

59 2094 159 2168 coepit
182 2095 255 2150 noto
279 2091 399 2167 quidem
422 2092 485 2163 illo,
508 2096 543 2150 ut
565 2092 704 2165 traditur,
734 2109 821 2151 versu
850 2111 885 2150 ex
908 2091 1075 2151 Philocteta

57 2183 233 2258 frequenter
267 2199 338 2239 usus
377 2176 475 2256 ‘turpe
517 2199 580 2240 esse
616 2183 715 2239 tacere
752 2184 782 2238 et
823 2180 974 2240 Isocraten
1011 2184 1077 2255 pati

56 2264 180 2330 dicere'.
204 2287 252 2328 ars
277 2273 322 2328 est
344 2271 511 2345 utriusque,
534 2269 586 2328 sed
608 2269 744 2344 pluribus
769 2289 833 2329 eam
856 2270 941 2329 libris
959 2270 1075 2330 Aristo·

55 2361 132 2420 tales
157 2359 327 2433 complexus
352 2361 405 2417 est.
438 2358 541 2418 eodem
568 2362 701 2434 tempore
732 2358 912 2419 Theodectes
942 2360 1007 2433 fuit,
1039 2360 1074 2418 de

55 2449 143 2508 caius
159 2466 248 2523 opere
263 2466 354 2524 supra
368 2447 480 2507 dictum
500 2451 552 2506 est.
577 2449 797 2524 Theophrastus
813 2468 939 2524 quoqne,
957 2448 1073 2508 Aristo-
1090 2444 1126 2499 15

54 2540 126 2598 telis
152 2536 325 2611 discipulus,
348 2537 384 2595 de
402 2538 549 2596 rhetorice
568 2537 726 2615 diligenter
745 2540 872 2614 scripsit,
896 2541 986 2614 atque
1004 2539 1073 2597 hinc

56 2629 107 2687 vel
130 2627 295 2687 studiosius
313 2627 486 2702 philosophi
504 2647 594 2702 quam
611 2628 745 2687 rhetores
762 2629 980 2704 praecipueque
995 2629 1072 2686 Stoi·

55 2735 161 2776 corum
194 2734 229 2774 ao
261 2715 528 2792 Peripateticorum
557 2718 715 2793 principes.
747 2718 820 2776 fecit
851 2717 956 2775 deinde
988 2719 1073 2776 velut
1088 2713 1125 2766 1ss

130 2910 147 2957 ὁ
167 2903 205 2957 ib.
224 2921 243 2972 p
263 2909 314 2957 266
334 2904 356 2956 Ε
376 2935 410 2944 -
430 2909 446 2958 8
466 2905 510 2958 Br.
528 2910 551 2971 7,
569 2911 602 2957 27
623 2936 656 2944 —
677 2910 709 2956 21
730 2904 760 2956 cf
772 2903 827 2958 Cio.
842 2903 884 2957 De
899 2906 968 2957 orat.
985 2909 1009 2970 3,
1029 2909 1071 2970 35,

59 2981 120 3038 141,
140 2975 186 3028 Ad
200 2974 259 3029 Att.
275 2980 300 3040 6,
315 2980 340 3043 8,
355 2981 384 3042 53
404 2975 548 3045 Euripidis
558 2975 717 3030 Philocteta
728 2975 910 3045 significatur,
930 2975 960 3030 cf
971 2975 1072 3029 Nauck

55 3046 159 3116 fragm.
179 3049 251 3116 trag.
272 3045 367 3101 Graec.
388 3047 483 3116 adesp.
503 3053 519 3100 8

129 3243 214 3311 iqui
233 3244 290 3297 add
310 3244 441 3299 mamea
522 3250 537 3297 3
558 3246 587 3297 ct
610 3247 699 3298 artem
721 3243 783 3311 ipse
800 3253 824 3295 Α
907 3248 921 3295 t
942 3241 1069 3297 adfectus

57 3331 99 3368 om
118 3324 173 3367 BP
193 3316 197 3383 Ι
217 3313 351 3368 Prodicus
371 3315 491 3384 Hippias
518 3318 546 3369 et
569 3315 645 3369 idem
663 3315 831 3385 Protagoras
850 3313 1028 3368 Trasimacus
1047 3324 1069 3365 Δ

56 3385 192 3439 Prodicus
210 3384 331 3455 Hippias
356 3389 384 3440 et
401 3386 477 3440 idem
495 3386 538 3440 Pr.
558 3390 588 3441 et
605 3387 656 3441 Th.
676 3397 714 3440 at
736 3385 871 3440 Prodicus
897 3389 927 3439 et
949 3384 1068 3452 Thrasy-

57 3457 174 3511 machus
192 3465 247 3510 BP
326 3464 358 3510 11
378 3461 476 3512 tantae
495 3469 545 3511 ΔΡ
630 3464 662 3512 11
681 3457 806 3529 auditor]
825 3455 988 3511 auditorum
1005 3456 1071 3510 lahri

127 3535 161 3581 16
179 3529 272 3580 tamen
289 3539 327 3581 A:
345 3532 440 3582 autem
459 3539 515 3584 BP

95 3623 275 3668 orimum
289 3626 324 3664 ed.
338 3628 571 3679 Radermacher.
591 3638 609 3680 1.
919 3625 939 3676 P
