2438 3832
118 128 183 193 154
416 127 644 192 QVINTILIANI
660 125 753 182 msc.
774 125 830 182 ΟΒ.

115 315 175 355 non
199 291 318 355 occidi’:
342 315 381 355 an
404 296 553 356 occiderit.
576 292 777 356 ‘honorandus
800 313 878 355 snm:
907 313 968 354 non
993 290 1034 356 es’
1059 315 1132 354 num

116 388 228 444 statum
246 382 357 444 habet?
380 404 447 462 non,
467 389 501 443 ut
519 388 602 461 puto.
627 382 826 445 ‘honorandus
841 404 915 458 sum,
940 387 1014 460 quia
1025 388 1131 461 tyran-

115 494 188 533 num
202 475 308 533 occidi:
327 494 387 533 non
401 470 561 534 occidisti’:
581 475 716 551 quaestio
731 476 761 534 et
775 476 879 533 statos.
902 474 1044 533 similiter
1060 469 1131 533 ‘non

65 564 101 618 75
115 566 194 622 recte
222 565 300 642 agis:
332 566 412 622 recte
439 558 509 640 ago'
540 564 713 623 nonhabet
736 566 856 622 statum.
888 563 943 621 ubi
970 565 1016 622 est
1039 560 1130 641 ergo‘l

117 648 187 710 ‘non
216 655 296 711 recte
326 652 390 730 agis
413 647 648 729 ignominiosus'.
672 654 827 728 quaeritur
850 670 890 709 an
912 652 1131 728 ignominiosus
1157 674 1170 716 a

116 743 164 815 sit,
188 745 241 800 aut
260 761 299 800 an
318 760 405 818 agere
427 743 627 818 ignominioso
645 741 747 800 liceat:
767 743 955 817 quaestiones
975 743 1006 800 et
1023 742 1131 800 status.

116 850 186 906 ergo
209 831 422 890 translativum
449 849 543 909 genus
567 849 681 904 causae,
703 833 738 888 ut
761 829 990 905 conparatirum
1013 831 1044 889 et
1066 850 1132 888 mu·

64 920 102 975 26
116 923 186 977 tuae
210 921 416 978 accusationis.
445 922 477 977 at
500 921 580 977 enim
602 920 699 978 simile
723 921 768 978 est
789 919 838 976 illi
861 914 967 977 ‘habeo
991 919 1048 992 ins,
1072 938 1133 978 non

116 1003 218 1067 habes’
234 1003 332 1085 <hoc>
348 1004 503 1084 ‘occidisti
517 1011 596 1066 recte
611 1002 725 1068 occidi'.
748 1027 808 1066 non
822 1026 907 1084 nego,
923 1007 975 1066 sed
988 1025 1045 1066 noc
1057 1008 1133 1067 haec

116 1115 163 1155 res
187 1100 297 1155 statum
321 1099 408 1156 facit:
431 1116 491 1155 non
514 1099 594 1155 enim
607 1100 678 1156 sunt
690 1098 747 1156 hae
766 1097 985 1173 propositiones
1005 1092 1133 1174 (alioqui
1145 1119 1172 1159 rs

117 1204 207 1244 causa
229 1205 288 1244 non
312 1177 532 1265 explicabitur),
559 1185 611 1244 sed
633 1205 702 1244 eum
724 1188 786 1245 suis
808 1185 985 1244 rationibus.
1023 1180 1132 1245 ‘scelus

117 1276 267 1334 commisit
288 1275 441 1348 Horatius,
465 1294 596 1333 sororem
619 1276 698 1332 enim
718 1269 852 1334 occidit':
876 1270 947 1333 ‘non
971 1275 1132 1348 commisit,

118 1363 221 1422 debuit
244 1366 322 1422 enim
346 1363 477 1423 occidere
501 1383 575 1437 eam,
599 1382 675 1438 quae
698 1364 793 1423 hostis
811 1366 937 1423 mortem
956 1359 1132 1423 maerebat’:

65 1454 99 1507 77
117 1453 261 1527 quaestio,
285 1471 323 1511 an
346 1453 419 1511 haec
441 1453 522 1512 iusta
540 1471 642 1528 causa3
665 1454 710 1511 ita
729 1453 868 1528 qualitas
892 1471 926 1511 ac
945 1452 1087 1512 similiter
1100 1453 1133 1511 in

116 1541 291 1599 tralatione:
316 1537 387 1599 ‘non
405 1541 495 1600 habes
514 1544 560 1599 ius
582 1541 750 1616 abdicandi,
770 1543 842 1617 quia
856 1541 1056 1618 ignominioso
1071 1561 1132 1600 non
1146 1562 1170 1604 ιε

117 1632 162 1689 est
181 1625 287 1688 actio’:
312 1626 416 1689 ‘habeo
434 1632 491 1704 ius,
510 1631 581 1705 quia
601 1629 750 1690 abdicatio
769 1632 847 1690 actio
866 1649 926 1688 non
945 1626 1017 1688 est':
1042 1649 1133 1705 quae-

118 1720 202 1792 ritur,
225 1718 298 1794 quid
321 1721 361 1776 sit
384 1722 476 1794 aoti03
508 1719 645 1778 finiemus
670 1715 834 1778 ‘nonlicet
861 1713 1011 1778 abdicare'
1040 1721 1132 1794 syllo-

117 1809 221 1884 gismo.
254 1809 327 1866 item
355 1810 453 1866 cetera
484 1828 538 1882 per
567 1827 668 1868 omnes
700 1810 730 1867 et
761 1809 923 1867 rationales
955 1811 986 1867 et
1017 1807 1131 1886 legales

66 1895 102 1951 78
117 1899 221 1957 status.
245 1915 299 1956 nec
325 1898 431 1974 ignoro
459 1897 551 1955 fuisse
579 1897 731 1973 quosdam,
759 1896 811 1972 qui
838 1898 1067 1956 translationem
1099 1899 1132 1956 in

116 1987 259 2045 rationali
291 2005 408 2062 quoque
437 2004 543 2064 genere
574 1989 719 2060 ponerent
745 1986 802 2045 hoc
830 1986 933 2045 modo:
967 1981 1131 2047 ‘hominem
1144 2007 1170 2047 so

118 2075 214 2134 occidi
235 2078 332 2134 iussus
356 2076 393 2134 ab
416 2077 609 2150 imperatore:
633 2075 711 2134 dona
733 2076 839 2151 templi
862 2076 982 2152 cogenti
999 2076 1132 2150 tyranno

118 2164 198 2222 dedi:
222 2165 338 2224 deserui
360 2164 598 2241 tempestatibus,
627 2164 808 2238 fluminibus,
836 2163 1009 2222 valetudine
1036 2165 1133 2240 impe·

66 2252 102 2305 79
118 2249 219 2327 ditus',
243 2254 272 2310 id
298 2256 433 2326 estnon
456 2273 579 2330 perine
603 2255 695 2327 stetit,
719 2253 770 2311 sed
792 2272 846 2328 per
867 2251 951 2311 illud.
980 2271 998 2310 a
1022 2253 1132 2328 quibus

118 2344 209 2399 etiam
232 2343 354 2401 liberius
378 2343 534 2416 dissentio,
565 2361 625 2400 non
648 2341 727 2400 enim
750 2344 829 2400 aotio
860 2341 1052 2414 transfertur,
1081 2343 1133 2402 sed

118 2447 207 2489 causa
230 2432 312 2505 facti,
337 2432 416 2506 quod
439 2432 548 2490 accidit
570 2450 663 2505 paene
677 2432 710 2489 in
725 2432 806 2489 omni
820 2429 998 2489 defensione.
1022 2430 1131 2491 deinde
1146 2449 1171 2491 ss

116 2519 152 2592 is,
176 2521 228 2594 qui
250 2520 306 2577 tali
328 2522 425 2578 utitur
447 2520 623 2597 patrocinio,
651 2539 710 2578 non
732 2519 845 2579 recedit
868 2538 886 2577 a
909 2520 1005 2577 forma
1033 2521 1132 2594 quali·

117 2610 206 2681 tatis3
230 2608 302 2666 dicit
325 2610 405 2666 enim
427 2629 458 2668 se
482 2609 570 2685 culpa
592 2628 707 2683 vacare,
730 2611 765 2667 ut
787 2609 884 2685 magis
903 2608 1061 2688 qualitatis
1078 2610 1130 2668 du·

117 2697 186 2773 plex
208 2699 287 2754 ratio
310 2698 446 2756 facienda
469 2699 518 2773 sit,
542 2700 652 2771 altera,
676 2717 735 2773 qua
763 2698 928 2756 olfactum
952 2695 1132 2772 defenditur,

118 2786 222 2860 altera,
246 2804 305 2861 qua
328 2789 447 2846 tantum
469 2805 545 2846 reus.

63 2868 103 2924 80
185 2873 370 2932 Credendum
393 2878 439 2935 est
456 2879 550 2952 igitur
568 2876 614 2950 iis,
638 2894 763 2951 quorum
782 2876 992 2933 auctoritatem
1011 2878 1131 2934 secutus
1146 2895 1172 2936 so

118 2966 163 3022 est
186 2961 297 3036 Cicero,
320 2966 380 3022 tria
404 2984 475 3040 esse,
499 2984 575 3040 quae
597 2967 629 3024 in
653 2966 735 3023 omni
757 2963 959 3039 disputatione
984 2982 1132 3038 quaeran-

117 3055 180 3110 tur:
204 3071 247 3110 an
271 3054 332 3125 sit,
357 3053 442 3128 quid
464 3055 528 3129 sit,
551 3055 656 3129 quale
680 3055 742 3128 sit;
766 3053 845 3129 quod
858 3053 924 3127 ipsa
938 3052 1024 3112 nobis
1039 3053 1133 3112 etiam

190 3298 280 3346 anon
299 3293 386 3347 habet
411 3324 444 3332 -
469 3310 534 3363 ergo
554 3311 597 3348 om
615 3305 638 3346 A
746 3299 761 3347 9
780 3294 834 3348 hoc
859 3292 916 3347 add
943 3293 1024 3348 Gertz

120 3371 152 3419 13
172 3367 261 3419 morte
278 3374 307 3417 B
422 3369 456 3419 14
475 3366 519 3436 ac]
540 3367 568 3419 et
586 3375 609 3417 A
740 3371 772 3419 15
792 3363 975 3418 translatione
999 3373 1027 3416 Ρ

118 3435 304 3563 ἱΙΙῖὃαΕᾱὶοετο
323 3435 413 3489 filiurn
430 3444 453 3488 Α
469 3438 474 3505 Ι
490 3436 668 3507 syllogismos
691 3446 720 3489 B
732 3435 911 3505 syllogismus
930 3445 957 3488 Ρ
1028 3441 1062 3489 23
1082 3453 1134 3505 per
