2460 3854
104 126 147 190 26
407 122 637 188 QVINTILIANI
654 122 745 177 INST.
766 123 822 176 OR.

104 293 280 369 diligentem
302 293 424 368 putabo,
449 293 502 368 qui
525 295 703 368 promiscua,
728 311 803 367 quae
823 289 959 351 ἐπίκοινα
977 292 1130 366 dicuntur,

105 381 277 456 ostenderit,
307 383 339 440 in
367 382 475 458 quibus
504 400 589 441 sexus
612 384 738 458 uterque
761 400 815 457 per
839 381 967 440 alterum
991 385 1129 457 apparet,

105 475 160 530 aut
189 490 265 548 quae
296 472 441 529 feminina
467 473 616 547 positione
643 489 741 530 mares
769 473 822 528 aut
845 471 976 529 neutrali
998 470 1129 530 feminas

50 562 89 617 25
105 560 283 638 significant,
311 562 414 636 qualia
441 563 512 619 sunt
540 554 687 618 ‘Murena'
711 562 742 619 et
766 555 969 633 ‘Glycerium’.
1012 563 1128 619 scruta·

105 651 187 709 bitur
215 650 267 708 ilie
297 653 472 725 praeceptor
502 668 570 707 acer
600 652 691 724 atque
722 648 841 708 subtilis
872 651 1002 728 origines
1031 651 1127 708 nomi-
1151 670 1160 710 1

105 759 191 798 num:
229 758 305 814 quae
334 758 370 798 er
391 738 501 797 habitu
523 740 656 814 eorporis
681 731 798 796 ‘Rufos'
824 732 1024 814 ‘Longosque'
1051 739 1127 798 fece·

104 832 175 887 runt
199 820 265 909 (ubi
290 830 348 887 erit
371 828 454 886 aliud
478 828 619 886 secretius
643 822 757 886 ‘Sullae
781 827 871 886 Burri
891 826 1005 886 Galbae
1024 827 1128 887 Plauti

105 917 221 976 Pansae
246 912 363 976 Scauri'
385 909 490 998 talia)t
520 935 597 993 quae
628 919 659 976 et
686 936 721 975 ex
750 935 820 975 casu
847 919 1036 975 nascentium
1064 911 1128 994 (hic

106 1007 242 1084 Agrippa
271 1008 301 1064 et
329 1005 435 1082 Opiter
463 1008 493 1065 et
516 1005 629 1065 Gordus
659 1007 689 1063 et
712 1005 871 1064 Postumus
902 999 1003 1088 erunt)
1033 1009 1064 1064 et
1093 1025 1128 1065 ex

104 1098 150 1171 iis,
171 1114 246 1172 quae
264 1099 334 1171 post
351 1098 439 1155 natos
455 1096 608 1168 eveniunt,
626 1095 704 1154 unde
725 1091 904 1170 ‘Vopiscus'.
927 1095 990 1154 iam
1009 1091 1127 1154 ‘Cottae
1141 1117 1161 1157 11

51 1187 90 1241 26
106 1184 259 1260 Scipiones
282 1184 429 1244 Laenates
454 1179 570 1243 Serani'
595 1188 665 1243 sunt
693 1204 728 1242 111
757 1186 850 1244 variis
875 1186 981 1243 causis
1024 1188 1128 1262 gentes

105 1294 224 1350 quoque
258 1293 292 1332 ae
324 1275 391 1332 loca
424 1276 453 1332 et
485 1274 546 1332 alia
576 1275 672 1332 multa
702 1275 833 1348 reperias
864 1275 943 1331 inter
973 1274 1129 1332 nominum

106 1382 218 1422 causas.
259 1364 292 1421 in
320 1363 413 1422 servis
441 1363 502 1420 iam
530 1363 684 1422 intercidit
706 1363 783 1420 illud
806 1380 909 1441 genus,
938 1363 1018 1439 quod
1042 1364 1128 1422 duoe-

105 1453 195 1511 batur
213 1471 231 1509 a
250 1453 379 1527 domino,
403 1453 481 1510 unde
501 1447 692 1528 ‘Marcipores
711 1447 968 1528 Publiporesque’.
1002 1456 1130 1529 quaerat

106 1542 206 1615 etiam,
239 1542 317 1601 sitne
349 1541 430 1617 apud
457 1539 585 1600 Graecos
617 1544 662 1600 vis
695 1541 844 1617 quaedam
876 1543 952 1600 sexti
985 1560 1071 1600 casus
1101 1544 1130 1600 et
1143 1561 1162 1603 1⁵

107 1631 186 1706 apud
209 1649 263 1691 nos
288 1649 405 1707 quoque
429 1632 557 1706 septimi.
581 1650 652 1689 nam
675 1649 742 1689 cum
766 1631 831 1689 dico
857 1626 956 1690 ‘hasta
974 1626 1129 1706 percussi’‚

106 1739 165 1779 non
188 1722 259 1778 utor
282 1720 408 1779 ablativi
431 1724 550 1794 natura,
577 1739 632 1779 neo
655 1723 680 1780 si
703 1719 783 1778 idem
807 1719 918 1779 Graece
942 1720 1050 1797 dicam,
1080 1720 1130 1780 da·

15 1884 17 1891 ,
53 1809 89 1865 a?
106 1810 170 1868 tivi.
212 1809 264 1868 sed
293 1810 326 1868 in
358 1809 456 1869 verbis
487 1828 604 1885 quoque
635 1810 702 1884 quis
730 1812 776 1868 est
804 1808 877 1868 adeo
906 1811 1065 1884 imperitus
1096 1812 1131 1869 ut

1 1918 35 1941 α·-
105 1899 224 1976 ignoret
261 1918 369 1975 genera
407 1902 436 1957 et
474 1900 637 1976 qualitates
670 1901 700 1958 et
731 1916 874 1974 personas
908 1901 937 1958 et
969 1898 1130 1959 numeros?

106 1988 249 2047 litterarii
275 2007 371 2063 paene
398 1988 457 2046 ista
486 1991 555 2047 sunt
577 1987 643 2045 ludi
667 1989 697 2046 et
719 1988 850 2048 trivialis
874 1989 1025 2047 scientiae.
1068 1991 1128 2048 iam
1143 2010 1165 2050 u

107 2077 252 2153 quosdam
270 2078 324 2136 illa
342 2078 515 2151 turbabunt,
540 2097 616 2153 quae
636 2077 885 2137 declinationibus
904 2097 964 2137 non
982 2081 1130 2138 tenmtur.

106 2187 177 2225 nam
200 2170 230 2225 et
254 2167 401 2242 quaedam
423 2167 585 2244 participia
605 2185 644 2224 an
662 2166 753 2225 verba
772 2185 811 2224 an
831 2167 1050 2242 appellationes
1071 2170 1132 2228 sint

107 2256 239 2315 dubitari
266 2260 375 2332 potest,
407 2256 478 2332 quia
507 2256 589 2315 aliud
618 2256 678 2314 alio
701 2256 767 2315 loco
790 2257 903 2330 valent,
932 2258 968 2314 ut
992 2252 1129 2318 ‘tectum’

52 2346 91 2402 28
107 2349 137 2403 et
168 2341 319 2421 ‘sapiens’.
362 2347 509 2421 quaedam
537 2345 628 2404 verba
659 2345 913 2420 appellationibus
943 2346 1066 2422 similia,
1098 2352 1133 2406 ut

109 2432 277 2493 ‘fraudator
300 2429 451 2494 nutritor'.
485 2437 546 2493 iam
1145 2455 1166 2497 11

395 2521 468 2582 ‘itur
490 2525 522 2582 in
545 2525 701 2600 antiquam
725 2513 863 2583 silvam'¹

106 2633 204 2672 nonne
227 2614 365 2689 propriae
389 2613 543 2673 cuiusdam
566 2613 692 2672 rationis
716 2611 783 2672 est?
809 2633 880 2672 nam
904 2613 986 2689 quod
1008 2615 1134 2675 initium

107 2706 170 2762 eius
193 2701 351 2762 invenias?
375 2705 422 2762 oui
446 2703 542 2762 simile
568 2698 676 2761 ‘fletur’
702 2703 864 2778 accipimus
888 2703 986 2778 aliter,
1009 2706 1046 2762 ut

204 2787 361 2868 ‘panditur
383 2792 627 2851 intercedemus
651 2793 864 2868 omnipotentis
888 2788 1033 2869 Olympiss

107 3018 132 3070 A
180 2943 316 3070 tquqrg.
336 2944 405 2998 Aen.
426 2949 450 3011 6,
472 2949 522 2998 179
538 2976 571 2984 -
587 2949 621 2997 28
640 2944 751 2998 Terent.
770 2944 858 3000 Andr.
874 2949 926 2999 129
942 2976 975 2984 -
992 2950 1026 2999 29
1046 2944 1134 3018 Verg.

133 3033 175 3071 en.
233 3059 239 3083 ,

180 3184 194 3231 1
214 3177 323 3246 putabo
337 3187 402 3232 BP:
422 3194 486 3231 eum
505 3176 612 3246 putabo
628 3178 734 3248 chias
771 3177 942 3246 computabo
957 3187 980 3228 Δ
1046 3183 1064 3232 5
1084 3179 1137 3236 ille

106 3259 142 3302 A:
162 3248 241 3303 mille
259 3258 314 3302 ΒΡ
370 3255 384 3303 7
404 3248 513 3317 aliquid
528 3248 662 3303 secretius
676 3249 859 3303 Lucmmaaa
875 3253 878 3317 Ι
894 3251 928 3302 ut
942 3248 1039 3304 Sullae
1053 3251 1135 3323 Sipo-

107 3324 173 3375 oias
270 3325 287 3373 8
310 3321 394 3374 talia:
424 3321 508 3392 quae]
532 3319 660 3389 taliaque
684 3320 749 3375 libri
844 3325 859 3373 9
887 3336 920 3373 ex
945 3337 989 3375 om
1007 3331 1064 3375 ΒΡ

108 3398 140 3446 11
162 3391 261 3446 Serani
278 3393 331 3447 edd
348 3399 415 3448 vett:
434 3409 496 3446 sera
514 3401 593 3445 AB?
664 3397 696 3444 19
716 3408 821 3460 genera
840 3394 869 3446 et
887 3394 1016 3462 tempora
1036 3396 1068 3448 et
1087 3413 1136 3464 qu.

101 3466 202 3518 Faber
287 3470 320 3518 21
340 3467 471 3518 teruntur
488 3464 592 3517 ABP¹z
619 3465 752 3518 tenentur
778 3462 837 3517 P’s
928 3470 963 3516 22
990 3479 1027 3518 an
1054 3467 1138 3522 verbi

87 3533 309 3599 appellationes
325 3546 386 3591 BP
459 3543 493 3593 23
512 3538 625 3594 tectum
644 3536 737 3591 Leuc:
751 3534 861 3589 lectum
