2438 3832
423 114 757 184 wewam.
1035 113 1100 178 m

101 282 188 359 dubio,
209 286 235 343 si
258 286 384 343 nimium
408 283 448 342 sit
469 285 642 359 multiplex,
669 284 766 360 fugiet
793 283 968 341 memoriam
994 283 1102 341 iudicis

101 376 127 430 et
151 372 282 432 turbabit
309 373 516 447 intentionem,
549 373 605 432 hoc
637 375 740 430 tamen
771 390 893 430 numero
924 373 1008 430 velut
1036 373 1101 448 loge

42 492 44 527 Ι
100 480 152 519 nou
176 464 221 521 est
248 461 417 540 alliganda,
449 481 518 520 cum
548 463 644 537 possit
674 479 764 519 causa
799 462 894 537 pluris
927 460 1101 519 desiderare.

42 548 44 581 ³
101 550 153 608 alia
173 554 241 610 sunt
262 551 368 629 magis,
399 553 523 627 propter
547 568 623 626 quae
645 551 808 625 partitione
832 568 892 608 non
921 569 1036 626 semper
1059 550 1137 608 site

78 639 243 698 sutendum:
261 641 400 716 primum,
425 641 496 715 quia
519 640 662 716 pleraque
681 641 815 716 gratiora
834 642 911 711 sunt,
935 641 961 698 si
978 641 1101 697 inventa

99 727 186 788 subito
207 747 262 788 nec
285 727 373 787 domo
397 729 500 804 allata,
528 729 578 788 sed
605 731 685 786 inter
712 728 870 786 dicendum
902 747 936 786 ex
968 748 1000 786 re
1036 729 1102 803 ipsa

98 820 161 875 nata
181 817 352 893 videantur,
375 818 455 876 unde
477 817 533 877 illa
555 837 615 876 non
636 816 801 876 iniucunda
823 817 974 876 schemata
998 813 1102 892 ‘paene

98 904 196 965 excidit
217 901 304 966 mibi'
329 909 360 965 et
378 902 510 985 ‘fugerat
526 902 585 965 me'
601 909 632 964 et
647 902 736 964 ‘recte
751 901 917 979 admones’3
939 907 1102 981 propositis

97 995 168 1053 enim
201 994 430 1071 probationibus
467 995 562 1054 omnis
593 994 625 1053 in
666 995 791 1054 relicum
828 996 927 1072 gratia
958 995 1102 1054 novitatis

66 1087 298 1161 npraecerpitur.
328 1086 451 1144 interim
477 1103 547 1143 vero
576 1083 668 1143 etiam
694 1084 842 1142 fallendus
876 1086 920 1143 est
952 1083 1038 1142 iudex
1071 1086 1101 1142 et
1119 1087 1149 1142 5⁴

96 1175 180 1233 variis
194 1173 310 1234 artibus
329 1173 509 1246 subeundus,
531 1175 567 1231 ut
580 1173 663 1231 alind
683 1175 741 1251 agi,
765 1192 856 1249 quam
871 1172 950 1248 qnod
964 1172 1102 1247 petimus

95 1265 182 1336 putet.
205 1282 276 1322 nam
299 1266 345 1322 est
367 1281 591 1338 nonnumquam
613 1261 688 1320 dura
711 1262 886 1337 propositio,
910 1281 1000 1337 qnam
1013 1261 1103 1319 index

95 1351 118 1408 si
136 1352 277 1428 providit,
300 1370 360 1410 non
384 1351 472 1410 aliter
484 1351 709 1428 praeformidat,
733 1371 824 1427 quam
848 1352 899 1426 qui
917 1351 1029 1408 ferrum
1042 1370 1102 1408 me-

94 1439 148 1500 dici
169 1442 254 1518 prius
278 1459 369 1515 qnam
392 1443 511 1499 curetur
534 1442 662 1516 aspexit:
695 1442 728 1498 at
755 1441 780 1499 si
803 1459 835 1498 re
858 1459 917 1498 non
941 1442 1010 1498 ante
1035 1458 1102 1514 pro-

63 1532 187 1603 oposita
209 1548 346 1589 securum
378 1548 413 1588 ac
435 1530 519 1588 nulla
543 1530 769 1588 denuntiatione
801 1531 833 1587 in
865 1548 896 1588 se
927 1546 1102 1587 conversum

92 1620 209 1678 intrarit
232 1618 338 1693 oratio,
362 1617 478 1693 efficiet,
507 1619 586 1694 quod
613 1619 802 1694 promittenti
832 1637 892 1676 non
924 1617 1101 1676 crederetur.

91 1709 207 1767 interim
229 1706 407 1784 refugienda
430 1726 490 1765 non
517 1707 605 1766 modo
634 1708 787 1767 distinctio
815 1709 1025 1782 quaestionum
1048 1709 1137 1780 est,(t

91 1796 138 1855 sed
160 1797 283 1856 omnino
296 1798 452 1855 mamutio:
476 1796 642 1855 adfectibus
656 1794 822 1854 turbandus
837 1798 867 1853 et
885 1795 922 1855 ab
936 1795 1102 1854 intentione

91 1885 267 1945 auferendus
291 1885 417 1944 auditor.
450 1904 509 1944 non
534 1887 612 1943 enim
636 1887 732 1943 solum
760 1885 887 1943 oratoris
916 1888 961 1943 est
989 1884 1102 1956 docere,

59 1973 139 2032 need
160 1974 230 2050 plus
253 1974 424 2050 eloquentia
447 1975 527 2033 circa
552 1974 733 2033 movendum
759 1973 847 2032 valet.
881 1975 929 2032 cui
960 1974 1005 2031 rei
1035 1991 1102 2031 oon-

89 2065 181 2122 traria
203 2065 251 2122 est
273 2064 402 2121 maxime
424 2064 522 2122 tenuis
546 2063 601 2121 illa
624 2066 654 2121 ct
677 2063 847 2139 scrupulose
865 2064 897 2121 in
910 2063 1006 2138 partis
1021 2065 1102 2120 secta

90 2151 242 2212 divisionis
267 2150 424 2230 diligentia
447 2171 481 2210 eo
505 2155 647 2227 tempore,
672 2171 730 2227 quo
755 2152 943 2229 cognoscenti
956 2151 1102 2209 iudicium

89 2260 230 2301 conamur
252 2241 377 2301 auferre.
410 2240 482 2317 quid
506 2240 585 2316 quod
612 2242 733 2299 interim
766 2260 843 2316 quae
875 2259 928 2316 per
960 2259 990 2298 se
1022 2240 1136 2299 levia?

89 2333 156 2389 aunt
179 2334 211 2391 et
232 2329 361 2403 infirma,
393 2329 483 2388 turba
505 2328 628 2389 valent?
658 2329 784 2405 ideoque
817 2328 1002 2406 congerenda
1033 2333 1102 2388 sunt

56 2421 186 2495 apotius
211 2421 242 2478 et
264 2419 349 2478 velut
371 2419 527 2494 eruptione
549 2418 760 2496 pugnandum:
784 2418 863 2494 quod
885 2421 987 2477 tamen
1000 2437 1102 2475 rarum

89 2527 149 2568 esse
173 2508 263 2567 debet
285 2509 316 2566 et
338 2527 373 2566 ex
396 2508 572 2567 necessitate
591 2508 718 2581 demum,
742 2526 809 2566 cum
822 2508 878 2566 hoc
892 2507 998 2583 ipsum,
1022 2507 1102 2582 quod

88 2597 230 2657 dissimile
252 2598 365 2655 rationi
387 2600 441 2672 est,
466 2598 595 2674 coegerit
616 2598 703 2655 ratio.
726 2599 846 2672 praeter
868 2597 941 2654 haec
963 2597 995 2653 in
1018 2596 1100 2654 omni
1120 2596 1137 2651 8

87 2686 250 2761 partitione
273 2688 320 2745 est
350 2687 455 2760 utique
488 2685 603 2761 aliquid
634 2687 890 2761 potentissimum,
923 2684 1002 2761 quod
1034 2704 1102 2742 cum

89 2775 205 2834 audivit
226 2774 326 2849 iudex,
357 2778 455 2834 cetera
476 2777 630 2850 tamquam
656 2792 841 2848 supervacua
864 2775 984 2851 gravari
1016 2775 1101 2832 solet.

54 2866 198 2939 scitaque,
222 2863 245 2922 si
270 2863 359 2939 plura
381 2864 429 2922 vel
453 2862 608 2922 obicienda
630 2867 701 2922 sunt
723 2865 772 2922 vel
794 2863 943 2936 diluenda,
966 2866 995 2921 et
1017 2864 1101 2920 utilis

88 2957 118 3011 et
139 2951 271 3012 iucunda
298 2952 423 3028 partitio
456 2955 510 3026 cst,
542 2954 584 3026 ut,
617 2971 676 3028 quo
709 2971 828 3029 quaque
861 2951 896 3010 de
927 2970 959 3009 re
992 2950 1102 3009 dicturi

88 3061 188 3102 sumus
212 3041 324 3115 ordine,
348 3044 507 3117 appareat:
535 3044 575 3116 at,
598 3043 625 3099 si
647 3062 738 3099 unum
763 3041 873 3100 crimen
897 3041 979 3098 varie
1002 3039 1101 3098 defen-

160 3263 464 3331 ⁷Cic.Vem.„435

160 3430 193 3478 12
212 3440 298 3492 quam
252 3424 405 3493 amquod
423 3434 446 3476 Δ
519 3430 553 3478 18
573 3423 608 3477 ab
628 3439 671 3477 om
688 3433 717 3477 B
792 3429 825 3475 22
846 3419 1031 3491 cognoscendi
1051 3429 1104 3472 151³

160 3500 193 3550 ⁸1
213 3512 269 3562 (111⁰
323 3497 420 3566 odoiy:
438 3494 514 3564 quod
533 3505 561 3551 B
578 3494 649 3566 quid
669 3505 719 3550 ΑΡ
791 3499 829 3549 bi.
846 3494 937 3548 simus
953 3491 1044 3545 liuban
