2438 3832
158 130 225 195 294
458 129 687 194 curruum
704 130 797 188 11161.
817 128 874 185 cu.
920 92 925 100 ’

158 301 301 359 materiae
324 301 407 373 ipsae
430 301 473 357 sic
496 299 671 375 plerumque
693 299 855 376 fingimtur,
878 301 913 358 ut
936 299 1013 356 nihil
1037 299 1099 357 dici
1122 317 1177 374 pro

105 402 142 457 37
158 392 244 465 parte
268 389 363 447 altera
387 389 489 463 possit.
513 389 567 446 alii
591 388 749 465 diligentia
771 388 850 465 lapsi
879 387 977 446 verbis
1006 389 1100 446 etiam
1128 387 1177 446 vel

160 478 344 536 sententiolis
373 476 507 536 omnibus
535 477 773 551 respondendum
802 479 919 553 putant,
953 476 1034 552 quod
1068 479 1115 534 est
1147 479 1177 535 et

159 567 311 625 infinitum
334 570 364 625 et
386 584 619 642 supervacuum3
642 585 702 625 non
726 569 805 624 enim
828 584 917 625 causa
936 565 1175 640 reprehenditur,

160 657 321 728 seductor,
352 674 439 730 quem
462 674 518 732 ego
542 672 658 730 semper
684 654 781 713 videri
810 654 912 712 malim
944 655 1100 728 disertum,
1134 657 1176 727 ut,
1213 686 1218 696 ⁴

160 746 186 803 si
209 745 317 802 dixerit
340 743 420 818 quod
443 746 488 802 rei
510 746 614 820 prosit,
637 745 752 821 ingenii
775 744 914 802 credatur
932 743 999 802 laus
1019 761 1093 816 esse,
1116 761 1176 801 non

161 852 276 906 causae,
299 835 326 891 si
348 833 425 891 forte
450 827 536 911 [non]
564 833 673 907 laedat,
702 851 821 905 causae,
848 851 907 890 non
935 833 1051 910 ingenii
1080 833 1176 906 culpa.

106 937 144 992 38
160 924 262 998 itaque
281 922 351 980 illae
370 922 583 998 reprensiones,
607 925 642 980 ut
659 922 859 994 obscuritatis,
883 921 980 996 qualis
1000 921 1033 979 in
1051 921 1176 978 Rullum

161 1015 213 1086 est,
243 1012 389 1070 infantiae
420 1013 452 1068 in
485 1010 617 1083 dicendo,
655 1011 751 1085 qualis
784 1011 815 1067 in
852 1010 999 1084 Pisonem,
1037 1012 1175 1069 inscitiae

160 1121 268 1175 rerum,
277 1099 496 1174 verborumque
507 1103 537 1158 et
546 1100 725 1159 insulsitatis
736 1100 836 1171 etiam,
850 1099 947 1173 qualis
961 1100 994 1157 in
1008 1098 1175 1158 Antonium
1190 1109 1217 1154 ιο

162 1193 215 1263 est,
239 1191 338 1247 animo
362 1189 471 1247 dantur
494 1191 524 1247 et
546 1190 633 1247 iustis
658 1189 743 1263 odiis,
766 1191 894 1263 suntque
921 1187 1011 1246 utiles
1040 1188 1080 1246 ad
1109 1206 1175 1246 con-

108 1292 146 1347 39
162 1278 323 1337 ciliendum
346 1279 396 1351 iis,
425 1295 499 1352 quos
526 1277 639 1337 invisos
671 1279 768 1335 facere
798 1277 936 1348 volueris
969 1276 1082 1334 odium.
1117 1277 1175 1335 alia

161 1366 359 1442 respondendi
381 1368 516 1442 patronis
544 1368 622 1424 ratio
653 1370 712 1425 est:
746 1365 907 1441 aliquando
939 1367 1042 1423 tamen
1075 1385 1176 1424 eorum

161 1476 221 1515 non
245 1457 341 1515 oratio
360 1455 456 1528 modo,
480 1455 531 1513 sed
550 1455 613 1514 vita
633 1457 732 1528 etiam,
755 1455 855 1514 vultus
875 1453 1011 1529 denique,
1034 1456 1175 1527 incessus,

161 1545 282 1603 habitus
305 1546 384 1602 recte
406 1545 539 1603 incusari
562 1545 646 1616 solet,
669 1546 705 1601 ut
727 1544 868 1603 adversus
892 1541 1049 1610 Quintium
1075 1543 1175 1602 Oicero
1188 1554 1207 1598 11

162 1653 221 1693 non
245 1635 318 1691 haec
341 1633 445 1706 solum,
479 1633 530 1691 sed
559 1635 656 1709 ipsam
684 1635 776 1691 etiem
802 1635 988 1707 praetextam
1016 1632 1175 1692 demissam

163 1723 201 1781 ad
224 1723 301 1781 talos
324 1721 487 1781 insectatus
511 1724 568 1794 est3
592 1724 739 1797 presserat
762 1724 841 1778 enim
863 1721 1045 1780 turbulentis
1065 1722 1175 1780 contio·

109 1824 148 1880 40
162 1811 249 1870 nibus
268 1810 439 1869 Cluentium
459 1808 605 1878 Quintius.
624 1829 849 1885 nonnumquam
868 1809 1029 1868 elevandae
1044 1809 1175 1869 invidiae

163 1902 261 1978 gratia
285 1919 363 1975 quae
387 1902 520 1974 asperius
544 1900 712 1958 dictasunt
735 1898 905 1970 eluduntur,
934 1901 969 1956 ut
993 1918 1012 1957 a
1037 1898 1175 1959 Cicerone

164 1989 304 2049 Triarius.
328 2008 398 2047 nam
422 2007 489 2047 cum
512 1987 617 2047 Scauri
639 1989 792 2047 columnas
819 2007 872 2062 per
899 1986 1004 2044 urbem
1032 1989 1205 2062 plaustrisn

163 2082 264 2138 vectas
284 2097 346 2138 esse
361 2079 496 2136 dixisset:
521 2072 587 2154 ‘ego
602 2073 713 2152 porro',
727 2079 834 2152 inquit,
850 2072 914 2150 ‘qui
928 2075 1064 2135 Albanas
1083 2076 1175 2135 habeo

164 2169 327 2243 columnas,
352 2167 471 2227 clitellis
495 2185 544 2226 eas
557 2161 747 2242 ‘adportavi’.
776 2169 805 2224 et
827 2166 924 2242 magis
947 2165 1003 2222 hoc
1032 2165 1065 2222 in
1094 2184 1175 2224 accu-

164 2261 276 2316 satores
299 2276 469 2317 concessum
493 2260 546 2330 est,
577 2255 683 2330 quibus
707 2255 868 2313 conviciari
891 2253 1054 2328 aliquando
1078 2258 1175 2330 patro·

110 2357 148 2413 41
165 2346 236 2405 cinii
259 2345 330 2406 fides
354 2348 442 2423 cogit.
472 2345 527 2404 ille
550 2363 620 2402 vero
644 2344 785 2402 adversus
814 2361 914 2402 omnes
942 2345 972 2400 et
1000 2346 1122 2420 recepta
1148 2345 1181 2400 et'

164 2455 224 2495 non
246 2435 408 2494 inhumana
432 2434 613 2509 conquestio,
636 2435 662 2491 si
685 2431 792 2491 callide
817 2432 889 2507 quid
912 2432 1052 2506 tacuisse,
1081 2431 1174 2491 brevi-
1188 2444 1208 2486 11

112 2533 239 2597 411166,
272 2525 456 2599 obscurasse,
486 2523 637 2582 distulisse
667 2521 814 2579 dicuntur.
845 2521 1025 2580 defensionis
1060 2538 1176 2596 quoque

164 2615 345 2687 permutatio
368 2612 556 2688 reprenditur
580 2629 681 2685 saepe,
709 2613 743 2667 ut
770 2611 872 2668 Attius
901 2609 1042 2669 adversus
1072 2608 1176 2669 Cluen·

165 2702 252 2774 tium,
285 2701 445 2760 Aeschines
478 2702 617 2759 adversus
651 2697 873 2774 Ctesiphontem
905 2698 994 2771 facit,
1027 2717 1097 2757 oum
1127 2698 1177 2756 ille
1211 2691 1213 2697 ¹

167 2787 337 2848 Ciceronem
360 2791 425 2866 lege
448 2809 572 2848 usurum
594 2788 691 2862 modo,
718 2788 767 2846 hic
790 2789 911 2846 minime
935 2787 970 2845 de
993 2787 1060 2866 lege
1084 2788 1178 2846 diotu-

165 2898 232 2936 rum
254 2879 473 2938 Demosthenen
496 2881 637 2954 queritur.
1104 2930 1108 2936 .
1190 2888 1212 2929 ³⁰

238 3030 314 3082 8De
332 3029 395 3098 lege
415 3047 473 3098 agr.
493 3035 557 3096 2,5,
578 3034 610 3083 13
637 3061 670 3069 -
697 3035 786 3095 961,
802 3034 836 3082 30
850 3046 903 3097 sqq
922 3060 955 3068 —
976 3033 1008 3081 15
1028 3045 1055 3096 p.
1071 3026 1178 3082 Cluent.

167 3100 867 3168 41111-191861161146-18651

240 3226 299 3280 dei
318 3242 360 3279 om
379 3233 406 3276 B
420 3226 424 3294 Ι
440 3224 577 3294 profuerit
596 3235 623 3277 Ρ
703 3230 792 3279 ’111611
811 3226 862 3280 secl
880 3225 983 3280 Becher
1056 3226 1125 3277 eut
1142 3233 1178 3275 A:

168 3300 218 3352 aut
236 3307 290 3350 BP
392 3301 424 3349 10
444 3296 558 3349 verbum
576 3295 745 3350 insulsitatis
763 3307 786 3349 A
887 3302 918 3350 11
939 3298 968 3349 et
986 3304 1021 3347 A:
1042 3298 1075 3349 ut
1093 3304 1121 3349 B
1138 3311 1180 3349 om

167 3374 212 3439 ΡΙ
229 3367 426 3423 concitandum
442 3369 555 3422 Meister
628 3373 659 3420 13
675 3369 718 3420 est
731 3369 832 3423 Halm:
847 3368 876 3420 et
943 3371 1116 3420 tonamom
1129 3374 1183 3418 BP

238 3448 269 3496 21
292 3440 409 3494 dixisset
432 3440 574 3493 Pithoeus:
598 3438 669 3491 dixit
778 3444 877 3492 11611
901 3437 1048 3506 deportavi
1071 3439 1104 3491 in
1127 3438 1181 3491 leui

152 3515 313 3590 corruptela
331 3524 355 3569 A
