2460 3854
488 128 509 182 Ι.
537 135 695 194 4,13-24.
1058 131 1101 196 25
1177 205 1180 214 1

75 296 284 371 tradiderunt,
316 296 457 356 videlicet
489 297 568 373 quod
597 299 630 355 in
661 299 759 357 verbis
789 300 850 357 vim
883 299 1039 374 sermonis,
1071 301 1104 358 in

76 386 253 447 nominibus
284 388 444 445 materiam
476 378 562 467 (quia
595 387 723 445 alterum
753 390 799 446 est
830 389 911 464 quod
943 389 1103 464 loquimur,

78 477 213 536 alterum
236 476 272 534 de
295 495 353 552 quo
376 468 552 557 loquimur),
575 475 607 534 in
629 476 886 536 convinctionibus
905 481 1007 536 antem
1026 496 1104 537 eom-

78 567 188 641 plexus
218 584 321 624 eorum
349 583 412 624 esse
435 564 657 625 indicaverunt:
687 585 761 641 quas
785 568 1062 626 coniunctiones
1086 586 1104 624 a

52 655 234 730 splerisque
262 653 321 712 dici
348 654 418 727 scio,
446 654 498 713 sed
525 655 599 712 haec
625 654 745 713 videtur
772 675 807 714 ex
830 652 984 739 συνδέσμῳ
1007 659 1103 733 magis

79 744 207 819 propria
242 745 410 802 translatio.
456 745 604 818 paulatim
641 762 660 800 a
691 744 876 819 philosophis
909 763 944 803 ac
975 746 1104 817 maxime
1119 744 1159 800 lu

82 831 193 891 Stoicis
227 835 331 892 auctus
362 836 408 891 est
439 851 588 906 numerus,
620 851 655 891 ac
686 835 817 907 primum
849 834 1104 893 convinctionibus

82 921 237 981 articuli
252 922 370 997 adiecti,
384 926 453 997 post
466 921 777 997 praepositiones:
796 922 964 981 nominibus
980 924 1103 998 appel-

81 1009 190 1084 latio,
220 1010 326 1070 deinde
348 1030 554 1085 pronomen,
586 1011 690 1069 deinde
717 1012 845 1070 mixtum
872 1011 962 1070 verbo
989 1014 1104 1086 parti-

48 1099 232 1175 iocipium,
262 1101 336 1174 ipsis
363 1099 462 1159 verbis
490 1100 671 1158 adverbia.
717 1103 818 1159 noster
841 1119 937 1160 sermo
962 1101 1104 1159 articulos

82 1208 145 1248 non
168 1187 318 1247 desiderat
340 1189 465 1264 ideoque
484 1190 517 1246 in
536 1188 611 1247 alias
630 1191 731 1264 partes
751 1189 895 1249 orationis
914 1192 1104 1268 sparguntur,

83 1278 137 1337 sed
161 1277 276 1336 accedit
298 1277 499 1353 superioribus
522 1280 744 1337 interiectio.
783 1280 837 1338 alii
858 1282 960 1337 tamen
984 1299 1019 1337 ex
1041 1278 1104 1337 ido·
1119 1278 1160 1333 20

81 1368 148 1426 nois
186 1367 344 1425 dumtaxat
379 1367 549 1427 auctoribus
587 1371 654 1426 octo
690 1370 791 1441 partes
829 1370 924 1426 secuti
955 1372 1033 1442 sunt,
1070 1371 1106 1424 ut
1188 1387 1190 1392 ·

81 1455 278 1515 Aristarchus
309 1458 339 1514 et
367 1458 465 1515 aetate
489 1460 591 1515 nostra
614 1456 785 1530 Palaemon,
816 1458 868 1533 qui
890 1457 1105 1516 vocabulum

48 1566 70 1608 u
83 1546 148 1606 sive
168 1545 456 1622 appellationem
473 1548 589 1604 nomini
607 1545 796 1627 subiecerunt
808 1549 964 1621 tamquam
978 1548 1106 1622 speciem

84 1635 158 1708 eius,
187 1637 220 1693 at
241 1636 274 1708 ii,
297 1635 349 1710 qui
372 1634 455 1693 aliud
477 1654 616 1709 nomen,
640 1635 723 1694 aliud
745 1636 959 1694 vocabulum
981 1636 1105 1710 faciunt,

83 1742 202 1784 novem.
225 1723 419 1784 nihilominus
438 1724 568 1797 fuerunt,
587 1725 640 1800 qui
658 1725 758 1800 ipsum
777 1724 873 1784 adhuc
891 1725 1106 1784 vocabulum

84 1813 123 1872 ab
148 1812 401 1888 appellatione
430 1813 611 1887 diducerent,
638 1817 673 1872 ut
696 1816 774 1873 esset
796 1813 976 1873 vocabulum
999 1833 1106 1890 eorpus

83 1903 154 1962 visu
181 1903 326 1977 tactuque
353 1903 546 1961 manifestum
575 1898 691 1962 ‘domus
713 1898 833 1977 lectus’,
856 1904 1031 1978 appellatio,
1059 1904 1107 1960 cui

48 2013 69 2055 ro
84 1991 135 2052 vel
165 1991 295 2050 aiterum
324 1991 440 2050 deesset
466 1992 515 2050 vel
543 1994 704 2068 utrumque
736 1987 853 2051 ‘ventus
887 1992 1002 2050 eaelum
1033 1991 1106 2048 deus

84 2075 205 2140 virtus'.
252 2080 422 2140 adiciebant
453 2083 483 2139 et
515 2081 840 2155 adseverationem,
872 2083 908 2139 ut
938 2074 1045 2154 ‘eheu'‚
1077 2083 1108 2138 et

84 2171 306 2229 tractionem
334 2172 369 2228 ut
393 2165 580 2228 ‘fasciatim’z
613 2169 787 2246 quaemihi
809 2189 870 2228 non
893 2168 1105 2244 adprobantur.

85 2257 305 2318 vocabulum
335 2278 374 2317 an
404 2258 608 2334 appellatio
639 2259 764 2317 dicenda
795 2261 835 2317 sit
864 2257 1047 2338 προσηγορία
1077 2260 1108 2316 et
1122 2261 1159 2316 21

84 2347 262 2407 'subicienda
289 2349 403 2406 nomini
430 2367 530 2421 neone,
561 2349 633 2423 quia
655 2350 742 2424 parvi
764 2348 864 2422 refert,
894 2347 1021 2406 liberum
1044 2347 1106 2422 opi·

48 2437 206 2501 iuncturis
228 2437 374 2513 relinquo,

155 2525 288 2603 Nomina
320 2526 469 2585 declinare
502 2530 532 2584 et
563 2526 655 2585 verba
686 2528 719 2584 iu
748 2525 854 2602 primis
883 2528 970 2602 pueri
999 2527 1108 2585 sciant:
1123 2529 1161 2585 22
1183 2544 1199 2572 v

86 2633 185 2690 neque
218 2615 296 2674 enim
329 2616 417 2674 aliter
448 2617 603 2691 pervenire
635 2615 674 2674 ad
705 2616 892 2674 intellectum
921 2614 1108 2690 sequentium

86 2706 223 2780 possunt.
256 2704 336 2779 quod
359 2707 450 2764 etiam
468 2724 587 2764 monere
606 2723 822 2781 supervacuum
841 2708 914 2779 erat,
937 2705 997 2764 nisi
1015 2703 1108 2762 ambi-

86 2795 167 2853 tiosa
197 2793 390 2852 festinatione
419 2795 555 2870 plerique
586 2813 604 2851 a
633 2794 847 2870 posterioribus
874 2795 1049 2869 inciperent,
1080 2796 1109 2850 et

48 2907 73 2946 so
87 2883 161 2942 dnm
194 2884 344 2942 ostentare
374 2883 535 2959 discipulos
565 2885 644 2942 eirca
674 2883 853 2960 speciosiora
883 2883 1008 2956 malunt,
1041 2900 1108 2939 oon·

87 2971 199 3049 pendio
217 2975 413 3032 morarentur.
438 2975 524 3048 atqui
542 2975 569 3032 si
587 2975 654 3048 quis
674 2977 704 3032 et
722 2973 859 3031 didicerit
877 2974 950 3032 satis
969 2975 1000 3030 et
1013 2962 1109 3052 (quod
1123 2975 1162 3030 28

87 3080 150 3121 non
177 3062 276 3120 minus
305 3061 405 3136 deesse
427 3061 550 3120 interim
572 3054 662 3144 solet)
686 3063 815 3122 voluerit
839 3062 942 3120 docere
966 3079 1042 3136 quae
1066 3058 1109 3117 di·

87 3149 172 3225 dicit,
195 3168 256 3209 non
279 3151 337 3209 erit
360 3153 516 3210 contentus
538 3153 656 3211 madere
679 3152 712 3209 in
734 3151 903 3210 nominibus
921 3148 982 3208 tria
1000 3168 1111 3227 genera

88 3243 120 3300 et
143 3259 180 3299 ea
204 3257 280 3314 quae
303 3242 373 3298 sunt
396 3239 519 3307 duobus¹
533 3241 707 3301 omnibusve
730 3241 906 3300 communia.
930 3257 984 3297 neo
1007 3239 1109 3297 statim
1123 3239 1164 3297 24

87 3340 305 3352 ——ae—

160 3373 376 3442 3complexum
395 3383 422 3427 P
506 3374 656 3429 etralatio
674 3384 703 3427 B
788 3380 820 3428 11
841 3373 976 3426 orationis
991 3381 1027 3426 P:
1047 3387 1108 3424 ora-

87 3446 202 3502 tionum
219 3454 271 3498 AB
342 3450 376 3499 14
394 3444 570 3500 Palaemon
642 3451 674 3498 15
694 3444 818 3514 speciem
832 3444 983 3513 Spatana.-
1001 3442 1112 3511 species

162 3523 198 3571 34
217 3531 251 3570 ea
270 3532 342 3584 quae
358 3527 422 3569 AP:
442 3532 514 3584 quae
532 3525 563 3571 B
