2460 3854
396 166 429 222 Π.
451 173 493 236 11,
512 172 591 222 a-c.
604 162 653 234 212,
673 172 750 221 1-7.
1043 167 1085 232 97

61 381 207 453 [QUARE
217 379 408 434 INERUDITI
416 379 456 434 IN
458 378 697 436 GENIOSIORES
705 378 827 434 VULGO
836 379 1084 453 HABEANTUR]

134 515 204 573 ΧΠ.
227 515 273 574 Ne
294 514 350 574 hoo
370 514 490 589 quidem
508 515 689 591 negaverim,
713 514 797 589 sequi
815 515 989 590 plerumque
1007 515 1085 574 hanc
1105 523 1122 578 1

63 606 251 680 opinionem,
278 607 313 662 ut
341 605 449 662 fortius
477 603 574 661 dicere
606 603 765 661 videantur
800 603 922 678 indocti,
954 605 1085 679 primum

64 697 145 752 vitio
170 693 248 751 male
270 692 477 765 iudicantium,
505 694 559 767 qui
581 693 724 750 maiorem
747 692 856 751 habere
879 693 941 751 vim
959 693 1085 751 credunt

37 803 111 855 eea,
137 801 215 857 quae
238 781 298 839 non
324 781 437 840 habent
462 783 565 852 artem,
595 783 632 840 ut
660 781 816 858 effringere
845 800 936 856 quam
959 784 1084 857 aperire,

64 891 206 946 rumpere
231 890 320 945 quam
348 871 471 943 solvere,
498 869 616 929 trahere
645 889 735 945 quam
768 870 873 930 ducere
900 873 1010 944 putant
1036 891 1083 930 ro·
1193 862 1199 876 ⁶

65 961 193 1020 bustius.
217 979 287 1018 nam
310 962 341 1018 et
363 960 523 1036 gladiator,
546 961 599 1034 qui
627 978 776 1017 armorum
800 960 910 1018 inscius
934 961 969 1018 in·
988 963 1084 1019 rixam
1120 968 1138 1021 2

67 1051 138 1125 ruit,
163 1052 194 1108 et
216 1047 353 1124 luctator,
378 1050 430 1125 qui
453 1049 547 1107 totius
572 1051 703 1122 corporis
726 1051 794 1106 nisu
816 1051 849 1106 in
872 1048 912 1121 id,
937 1049 1015 1123 quod
1039 1068 1083 1108 se-

21 1167 28 1183 ·
67 1140 136 1197 mel.
150 1140 272 1212 invasit,
295 1137 450 1211 incumbit,
473 1137 580 1196 fortior
603 1137 641 1196 ab
659 1137 705 1195 his
723 1140 857 1210 vocatur,
880 1156 948 1195 cum
962 1137 1084 1196 interim

31 1252 54 1289 ιο
68 1232 97 1287 et
119 1229 170 1287 hic
193 1228 365 1303 frequenter
387 1229 447 1286 suis
476 1226 589 1285 viribus
616 1228 680 1300 ipse
708 1226 909 1300 prosternitur
936 1230 967 1285 et
995 1228 1083 1285 illum

67 1319 252 1376 vehementis
274 1316 403 1391 impetus
427 1317 538 1390 excipit
556 1317 720 1374 adversarii
737 1316 837 1375 mollis
857 1317 1008 1374 articulus,
1032 1310 1084 1374 sed
1117 1322 1136 1376 3

68 1409 139 1466 sunt
157 1409 190 1464 in
204 1407 261 1464 hac
274 1408 368 1481 parte,
393 1424 468 1480 quae
486 1404 641 1480 imperitos
656 1405 748 1463 etiam
766 1405 946 1464 naturaliter
960 1405 1082 1479 fallant,

67 1515 137 1555 nam
160 1499 192 1554 et
215 1495 331 1570 divisio,
355 1494 607 1568 cumplurimum
628 1495 729 1573 valeat
757 1496 790 1551 in
822 1495 927 1568 causis,
956 1495 1082 1570 speeiem

67 1587 180 1644 sirium
202 1585 320 1658 minuit,
348 1586 378 1642 et
400 1583 487 1642 rudia
509 1583 614 1658 politis
636 1585 751 1641 maiora
775 1585 806 1641 et
833 1602 936 1659 sparsa
964 1601 1082 1659 compo·

37 1693 55 1731 u
66 1677 132 1735 sitis
156 1675 363 1733 numerosiora
386 1673 554 1731 creduntur.
578 1675 623 1730 est
645 1675 800 1747 praeterea
824 1673 970 1747 quaedam
988 1673 1081 1731 virtu-
1116 1677 1135 1732 4

64 1767 130 1823 tum
153 1764 357 1838 vitiorumque
380 1763 500 1836 vicinia,
524 1780 586 1837 qua
608 1761 769 1820 maledicus
792 1781 847 1836 pro
865 1761 967 1837 libero,
991 1765 1082 1820 teme·

61 1854 163 1913 rarius
187 1871 241 1927 pro
264 1851 346 1926 forti,
373 1851 482 1910 effusus
509 1870 564 1926 pro
594 1853 713 1927 copioso
742 1851 896 1926 accipitur.
928 1851 1082 1909 maledicit

60 1946 169 2002 autem
199 1941 366 2000 ineruditus
396 1939 528 2015 apertius
560 1942 590 1998 et
622 1940 740 2015 saepius
772 1940 820 1998 vel
852 1959 918 1998 cum
949 1940 1081 2016 periculo

13 2044 19 2052 '
58 2031 199 2108 suscepti
220 2029 393 2107 litigatoris,
420 2029 592 2104 frequenter
615 2029 707 2088 etiam
737 2047 797 2087 suo.
831 2029 928 2087 adfert
961 2032 990 2086 et
1022 2030 1082 2086 ista
1115 2033 1133 2088 5

10 2128 43 2174 ²⁰
57 2141 108 2182 res
136 2120 317 2196 opinionem,
342 2120 413 2194 quia
435 2117 630 2177 libentissime
648 2118 782 2177 homines
796 2117 924 2176 audiunt
938 2137 981 2191 ea,
1006 2136 1082 2191 quae

56 2214 164 2271 dicere
188 2208 247 2284 ipsi
268 2209 441 2267 noluissent.
464 2208 541 2266 illud
566 2223 683 2284 quoque
707 2208 843 2280 alterum,
870 2208 950 2281 quod
978 2210 1023 2265 est
1050 2207 1082 2263 in

55 2298 235 2362 elocutione
265 2298 332 2373 ipsa
362 2298 537 2372 periculum,
569 2298 666 2356 minus
691 2298 778 2365 ‚vitat
806 2300 987 2371 conaturque
1000 2349 1001 2353 ,
1015 2314 1080 2371 per-

55 2393 137 2462 dito,
161 2386 240 2445 unde
264 2388 364 2445 evenit
382 2404 612 2461 nonnumquam,
636 2389 671 2444 ut
690 2385 803 2460 aliquid
823 2385 934 2462 grande
947 2384 1082 2443 inveniat

55 2482 116 2558 qui
141 2495 259 2551 semper
282 2477 399 2552 quaerit
423 2475 500 2551 quod
524 2475 650 2532 nimium
678 2478 735 2533 est:
763 2494 867 2532 verum
894 2475 926 2533 id
954 2477 985 2532 et
1011 2493 1079 2532 raro

10 2572 35 2619 ’ὃ
54 2567 207 2647 provenit
230 2567 260 2624 et
281 2575 380 2624 cetera
402 2565 478 2622 vitia
500 2583 560 2622 non
582 2566 697 2639 pensat.

132 2657 260 2731 Propter
281 2655 337 2714 hoc
362 2672 478 2730 quoque
502 2653 651 2711 interdum
674 2653 813 2711 videntur
830 2652 944 2711 indocti
963 2653 1080 2728 copiam
1114 2658 1132 2710 6

55 2748 176 2806 habere
199 2746 351 2817 maiorem,
376 2744 454 2818 quod
478 2743 581 2801 dieunt
604 2744 711 2816 omnia,
735 2740 829 2801 doctis
853 2745 951 2801 estet
975 2742 1080 2800 electio

56 2843 93 2896 et
117 2834 233 2894 modus.
256 2833 303 2893 his
327 2831 449 2905 accedit,
472 2831 552 2906 quod
576 2851 594 2890 a
618 2851 688 2890 cura
711 2831 835 2890 docendi
854 2832 933 2905 quod
946 2829 1079 2889 intende·

55 2928 128 2984 rint
150 2922 300 2982 recedunt.
323 2922 425 2997 itaquo
448 2920 525 2979 illud
549 2922 757 2996 quaestionum
781 2924 811 2979 et
834 2923 1080 2997 argumentorum

10 3021 33 3064 ⁰
57 3014 146 3090 apud
169 3015 309 3087 corrupta
332 3011 444 3070 iudicia
466 3011 561 3086 frigus
585 3012 700 3069 evitant
721 3010 856 3084 nihilque
875 3009 965 3083 aliud,
989 3028 1080 3083 quam

57 3123 124 3181 quo
154 3103 202 3161 vel
234 3101 334 3176 pravis
362 3100 566 3175 voluptatibus
602 3118 686 3157 aures
715 3099 923 3158 adsistentium
949 3099 1079 3174 permul-

57 3195 161 3266 ceant,
181 3192 336 3265 quaerunt.
356 3190 520 3247 sententiae
536 3208 653 3263 quoque
667 3189 759 3264 ipsae,
778 3207 852 3263 quas
866 3188 945 3247 solas
963 3189 1079 3262 petunt,
1116 3191 1131 3244 7

58 3283 162 3359 magis
186 3281 325 3353 eminent,
349 3297 416 3336 cum
439 3279 540 3336 omnia
563 3279 641 3334 eirca
664 3278 733 3335 illas
756 3277 875 3336 sordida
903 3279 933 3334 et
962 3276 1079 3336 abiecta

137 3423 153 3469 5
172 3415 298 3468 habeant
315 3423 338 3464 A
411 3419 427 3466 9
446 3410 576 3465 incubuit
594 3413 640 3480 ΒΙ
657 3410 692 3462 ab
712 3410 747 3463 iis
766 3419 794 3463 B
864 3415 899 3463 24
917 3410 947 3462 id
965 3428 1009 3463 om
1028 3419 1081 3462 ΡΒ

56 3489 162 3544 habais
180 3494 212 3540 N
222 3493 286 3555 post
302 3500 366 3538 raro
387 3484 433 3555 (?)
521 3486 554 3536 25
574 3481 669 3537 evcnit
688 3490 741 3537 BP
752 3482 765 3556 l
778 3484 860 3538 certa
874 3481 953 3536 utra
972 3489 1024 3534 ΒΡ

58 3567 93 3612 31
114 3555 399 3625 quod—permulceat
417 3568 440 3613 Α

101 3655 288 3706 errrrmmrcvs,
304 3658 341 3698 ed.
356 3659 595 3709 Radermacher.
608 3666 632 3709 Ι.
945 3648 966 3697 w
