2460 3854
488 110 535 167 ΠΙ.
555 117 580 179 1,
600 116 625 166 4.
645 115 670 179 a,
690 116 786 169 1,-11.
856 131 858 135 .
890 156 893 165 .
1064 111 1128 176 133

101 282 136 339 in
162 279 385 340 Partitionibus
409 280 548 339 oratoriis
572 278 610 338 ad
634 279 760 354 easdem,
783 279 819 339 de
842 280 950 355 quibus
965 300 1055 357 supra
1068 281 1129 340 dic-

100 373 173 429 tum
204 374 260 443 est,
297 370 429 445 quinque
460 369 599 444 pervenit
627 371 736 444 partes.
769 388 838 427 nam
871 387 938 427 cum
970 369 1130 445 dupliciter
1175 403 1177 406 >

100 463 245 534 primum
269 458 419 517 divisisset
441 459 474 516 in
502 457 704 518 inventionem
732 460 822 533 atque
850 457 1055 534 elocutionem,
1082 477 1129 518 res

102 568 139 608 ac
157 546 389 624 dispositionem
402 548 579 621 inventioni,
592 546 685 606 verba
699 550 729 605 et
742 548 1016 623 pronuntiationem
1031 549 1129 608 clocur

71 638 185 696 stioni
210 635 307 695 dedit:
331 637 469 710 quintam
489 655 605 711 quoque
620 638 776 695 constituit
799 654 983 695 communem
998 655 1033 695 ac
1046 639 1129 696 velut

99 725 265 786 custodem
289 727 421 784 omnium
443 727 627 784 memoriam.
650 725 729 783 idem
752 727 784 783 in
806 720 912 802 <libris
932 721 989 802 de>
1003 725 1128 787 Oratore

100 816 243 892 quinque
261 813 349 873 rebus
369 817 505 873 constare
524 814 726 889 eloquentiam
745 815 833 872 dicit:
856 814 887 872 in
902 814 1009 890 quibus
1022 818 1128 890 postea

100 905 233 980 scriptis
257 903 365 963 certior
389 905 452 962 eius
476 904 625 961 sententia
649 906 700 962 est.
724 920 785 961 non
807 903 907 962 minus
929 904 1003 961 mihi
1027 902 1128 980 cupidi
1161 905 1178 958 8

100 994 258 1052 novitatis
278 991 405 1050 alicuius
423 991 563 1050 videntur
580 991 680 1065 fuisse,
694 993 748 1067 qni
762 991 935 1051 adiecerunt
953 992 1128 1068 ordinem,

56 1099 84 1141 10
101 1102 177 1142 cum
211 1081 437 1157 dispositionem
467 1079 624 1154 dixissent,
656 1083 742 1156 quasi
780 1080 861 1138 aliud
901 1081 940 1139 sit
972 1081 1127 1155 dispositio

102 1191 202 1247 quam
226 1189 325 1228 rerum
349 1169 451 1228 ordine
475 1188 565 1244 quam
588 1172 701 1245 optimo
725 1171 899 1229 conlocatio.
922 1170 1003 1229 Dion
1025 1170 1128 1229 inven-

100 1264 225 1320 tionem
248 1258 336 1317 modo
361 1263 392 1317 et
413 1258 637 1334 dispositionem
662 1258 797 1332 tradidit,
821 1259 872 1317 sed
895 1261 1052 1334 utramque
1076 1259 1128 1319 du-

101 1352 220 1427 plicem
246 1367 346 1406 rerum
379 1351 409 1407 01
440 1346 608 1420 verborum,
640 1349 674 1405 ut
706 1347 746 1406 sit
778 1348 907 1406 elocutio
938 1348 1127 1422 inventionis,
1153 1385 1157 1393 =

101 1437 317 1515 pronuntiatio
342 1436 555 1512 dispositionis,
577 1436 624 1494 his
648 1437 755 1511 quinta
778 1455 848 1512 pars
866 1439 1029 1496 memoriae
1046 1455 1127 1496 acce·
1210 1506 1214 1511 ,

56 1544 85 1584 15
103 1528 169 1588 dat.
204 1525 371 1584 Theodorei
401 1526 462 1584 fere
493 1525 696 1585 inventionem
726 1525 875 1601 duplicem
906 1547 1006 1585 rerum
1035 1529 1127 1602 atque

104 1617 295 1689 elocutionis,
310 1614 415 1673 deinde
429 1615 485 1673 tris
500 1618 613 1673 ceteras
627 1618 737 1689 partes
760 1614 961 1692 Hermagoras
974 1615 1127 1691 iudicium,
1160 1615 1179 1669 9

103 1706 318 1781 partitionem,
356 1703 490 1762 ordinem
527 1722 661 1778 quaeque
699 1707 768 1762 sunt
804 1704 980 1764 elocutionis
1018 1705 1127 1764 subicit
1166 1717 1190 1778 x,

104 1794 353 1867 oeconomiae,
369 1811 444 1866 quae
455 1791 565 1852 Graece
581 1793 734 1867 appellata
748 1812 782 1851 011
797 1812 868 1852 cura
878 1813 978 1852 rerum
988 1793 1126 1854 domesti-

105 1903 214 1943 carum
238 1885 268 1939 et
290 1881 339 1940 hio
361 1901 415 1957 per
438 1881 609 1940 abusionem
632 1884 731 1956 posita
759 1885 878 1941 nomine
900 1882 1010 1941 Latino
1030 1885 1126 1950 ,caret
1173 1944 1178 1951 ,

55 1985 89 2030 ao
176 1973 234 2030 Est
257 1974 287 2030 et
310 1971 389 2029 circa
410 1970 467 2028 hoc
491 1971 635 2045 quaestio,
659 1971 738 2046 quod
761 1971 935 2030 memoriam
962 1972 995 2029 in
1024 1970 1180 2030 ordinali)

105 2063 242 2138 partium
265 2059 388 2135 quidam
411 2059 587 2133 inventioni,
611 2061 734 2133 quidam
757 2060 947 2135 dispositioni
970 2060 1126 2118 subiunxe-

105 2153 192 2208 nmt:
217 2149 303 2207 nobis
328 2151 452 2223 quartus
477 2149 644 2207 eiuslocus
668 2150 795 2207 maxime
819 2151 925 2225 placet.
958 2167 1017 2207 non
1048 2150 1127 2208 enim

105 2242 228 2298 tantum
250 2240 373 2297 inventa
395 2241 504 2312 tenere,
535 2240 570 2296 ut
592 2237 797 2313 disponamus,
830 2256 881 2296 nec
909 2238 1063 2313 disposita,
1091 2242 1126 2297 ut

106 2329 295 2404 eloquamur,
325 2326 377 2386 sed
401 2328 492 2384 etiam
515 2325 613 2386 verbis
637 2328 766 2386 formata
795 2328 956 2386 memoriae
983 2328 1126 2387 mandare

48 2428 91 2476 ²5
106 2417 262 2489 debemus,
285 2417 341 2475 hac
366 2418 443 2475 enim
468 2415 576 2490 omnia,
600 2435 803 2492 quaecumque
822 2419 854 2474 in
873 2419 1038 2475 orationem
1057 2436 1124 2475 con·

106 2508 171 2566 lata
196 2508 274 2578 sunt,
298 2505 495 2564 continentur.
1120 2581 1122 2584 ι

174 2595 310 2653 Fuerunt
333 2594 425 2652 etiam
448 2594 480 2651 in
502 2594 559 2653 hac
583 2594 722 2669 opinione
745 2615 805 2654 non
824 2597 921 2671 pauci,
944 2599 978 2654 ut
995 2596 1125 2654 hasnon
1140 2595 1176 2648 ll

105 2685 269 2744 rhetorices
288 2684 383 2759 partis
404 2701 466 2742 esse
486 2683 697 2758 existimarent,
717 2684 768 2742 sed
787 2703 878 2760 opera
897 2687 1038 2759 oratoris3
1061 2687 1124 2744 eius

106 2774 187 2833 enim
211 2790 274 2832 esse
297 2772 439 2845 invenire,
464 2771 628 2848 disponere,
662 2774 763 2848 oloqui
794 2777 824 2833 et
851 2776 957 2832 cetera.
990 2774 1070 2848 quod
1099 2775 1125 2833 si

48 2873 92 2924 Ro
106 2863 281 2938 accipimus,
310 2860 387 2920 nihil
417 2861 476 2919 arti
507 2863 717 2938 relinquemus.
749 2882 819 2921 nam
847 2863 922 2921 bene
952 2862 1048 2921 dicere
1080 2865 1124 2921 est
1139 2861 1177 2915 12

105 2952 244 3024 oratoris,
267 2951 413 3009 rhetorice
437 2952 538 3009 tamen
562 2951 619 3009 erit
641 2951 845 3010 benedicendi
866 2952 1004 3011 scientia:
1027 2952 1075 3011 vel
1090 2955 1125 3010 ut

105 3042 160 3100 alii
183 3042 295 3115 putant
319 3039 440 3098 artificis
465 3043 510 3098 est
532 3039 719 3114 persuadere,
742 3042 787 3100 vis
807 3042 908 3100 autem
926 3040 1125 3117 persuadendi

180 3199 240 3257 11,
260 3194 278 3245 a'
296 3224 328 3232 -
350 3197 364 3244 c
386 3197 525 3256 131111

179 3359 194 3405 ὁ
215 3353 344 3420 quintam
358 3369 469 3422 quoquc
484 3358 573 3405 APN:
593 3350 777 3418 quintamque
792 3360 820 3403 B
891 3357 906 3404 6
925 3351 1006 3404 libris
1021 3351 1056 3405 de
1066 3353 1124 3406 odd

105 3425 245 3495 Spaldiap
319 3431 352 3479 14
370 3423 505 3478 memoria
524 3431 552 3475 Ρ
626 3426 659 3474 25
679 3420 817 3475 collocata
834 3433 858 3475 Α
936 3428 970 3475 30
988 3422 1123 3490 relinqui-

105 3514 169 3551 mus
188 3505 237 3549 aP
