2460 3854
303 126 305 130 ·
339 89 500 182 urana
533 110 821 185 saouunus.

180 369 346 443 [QUANDO
365 371 528 425 RHETORI
547 371 602 425 SIT
620 371 842 425 TRADENDUS
861 371 979 443 Polum]

134 505 160 562 I.
185 504 295 563 Tenuit
318 505 507 571 consuetudo,
532 525 607 581 quae
632 505 740 564 cotidie
753 507 850 582 magis
867 505 1033 579 invalescit,
1051 508 1085 563 ut
1104 513 1120 570 1

64 593 314 670 praeceptoribus
343 594 543 669 eloquentiae,
575 594 692 654 Latinis
724 594 843 669 quidem
875 613 1003 670 semper,
1035 594 1087 653 sed

37 684 165 744 setiam
189 680 310 742 Graecis
333 685 462 756 interim,
486 683 626 758 discipuli
649 685 741 742 serius
757 703 846 757 quam
861 686 939 742 ratio
952 684 1088 759 postulat

66 772 268 830 traderentur.
300 772 361 830 eius
384 775 428 831 rei
451 773 560 847 duplex
591 791 680 832 causa
709 774 762 846 est,
790 773 870 847 quod
898 775 928 831 et
954 773 1086 832 rhetores

65 863 175 936 ntique
198 863 294 920 nostri
316 880 386 920 suas
408 864 503 936 partis
527 863 691 920 omiserunt
713 864 744 920 et
766 863 952 938 grammatici
973 862 1086 922 alienas

66 953 298 1025 occupaverunt.
328 970 398 1008 nam
422 953 453 1008 et
479 950 527 1008 illi
553 950 719 1009 declamare
749 951 836 1009 modo
869 954 899 1009 et
929 953 1121 1012 scientiamf

67 1039 258 1099 declamandi
281 1058 315 1098 ac
338 1040 513 1098 facultatem
535 1040 651 1098 madere
674 1039 766 1098 officii
789 1040 835 1098 sui
858 1040 970 1098 ducunt
996 1041 1086 1115 idque

26 1150 53 1189 ro
66 1130 153 1186 intra
175 1128 385 1187 deliberativas
408 1129 617 1204 iudicialisque
645 1129 785 1187 materias
815 1121 899 1209 (nam
927 1132 1024 1188 cetera
1053 1131 1087 1188 ut

66 1217 254 1293 professione
278 1237 332 1276 sua
355 1217 471 1276 minora
495 1210 686 1298 despiciunt),
719 1221 749 1276 et
775 1219 808 1275 hi
835 1237 896 1277 non
923 1221 997 1277 satis
1026 1237 1086 1276 cre·

67 1307 146 1364 dunt
179 1307 334 1382 excepisse,
367 1327 444 1381 quae
476 1308 582 1366 relicta
614 1311 699 1365 erant
732 1299 804 1384 (quo
837 1308 955 1366 nomine
988 1308 1086 1384 gratia

68 1413 190 1471 quoque
212 1394 249 1454 iis
272 1395 409 1455 habenda
437 1390 505 1476 est),
534 1396 584 1454 sed
613 1396 650 1454 ad
677 1403 907 1471 prosopopoeics
935 1414 1028 1469 usque
1056 1399 1086 1453 et

67 1486 108 1542 ad
132 1487 292 1557 suasorias,
314 1487 346 1542 in
376 1485 483 1560 quibus
516 1504 591 1544 onus
624 1485 741 1543 dicendi
768 1486 816 1543 vel
843 1485 1003 1542 maximum
1033 1486 1086 1557 est,

27 1595 51 1634 15
67 1575 254 1649 inrumpunt.
281 1574 351 1631 hinc
370 1593 440 1651 ergo
460 1574 577 1646 accidit,
599 1577 642 1647 ut,
666 1592 742 1648 quae
756 1574 879 1632 alterius
894 1575 968 1631 artis
986 1574 1122 1648 primab

67 1665 157 1723 erant
180 1681 277 1738 opera,
300 1663 382 1721 facta
406 1665 467 1722 sint
497 1663 619 1722 alterius
632 1735 633 1738 Ἴ
647 1663 819 1735 novissima,
851 1664 881 1720 et
913 1665 994 1721 aetas
1024 1665 1086 1720 iam
1171 1675 1174 1683 ’

67 1751 227 1810 altioribus
250 1752 416 1827 disciplinis
439 1752 540 1811 debita
562 1754 594 1810 in
622 1753 723 1810 schola
745 1752 859 1811 minore
889 1752 1023 1810 subsidat
1051 1770 1086 1811 ac

66 1841 236 1900 rhetoricen
251 1842 330 1917 apud
345 1844 557 1918 grammaticos
572 1845 714 1900 exerceat.
738 1843 791 1914 ita,
805 1841 886 1916 quod
900 1844 944 1901 est
958 1841 1085 1900 maxime
1127 1870 1133 1890 ·-

66 1930 238 2002 ridiculum,
261 1949 322 1988 non
345 1933 415 1989 ante
439 1931 477 1989 ad
500 1930 686 1990 declamandi
716 1932 894 2008 magistrum
921 1930 1085 1990 mittendus

26 2019 189 2080 revidetur
210 2039 285 2093 puer
307 2039 397 2094 quam
421 2021 586 2079 declamare
610 2021 693 2078 sciat.

136 2108 199 2167 Nos
222 2128 308 2168 suum
331 2112 437 2185 cuique
459 2109 636 2184 professioni
659 2109 780 2167 modum
798 2109 913 2168 demus:
937 2111 967 2166 et
985 2114 1121 2184 gram-4

67 2197 188 2271 matice,
225 2217 314 2272 quam
342 2200 374 2257 in
406 2198 551 2257 Latinum
586 2199 797 2257 transferentes
834 2199 1085 2256 litteraturam

68 2290 260 2361 vocaverunt,
283 2286 355 2345 fines
379 2306 447 2346 suos
475 2288 567 2361 norit,
599 2289 774 2362 praesertim
808 2290 926 2345 tantum
960 2286 997 2344 ab
1028 2286 1086 2345 hac

68 2375 282 2452 appellationis
306 2395 376 2435 suae
399 2380 584 2452 paupertate,
611 2379 693 2435 intra
717 2396 807 2451 quam
830 2377 920 2451 primi
947 2376 994 2434 illi
1018 2395 1085 2435 con-

29 2485 54 2524 ss
69 2467 182 2540 stitere,
205 2469 359 2540 provecta,
382 2486 453 2524 nam
475 2468 575 2525 tenuis
598 2485 616 2525 a
639 2467 720 2524 fonte
745 2465 910 2540 adsumptis
929 2467 1085 2539 poetarum

143 2641 159 2688 6
178 2635 254 2703 qnod
273 2638 303 2689 et
320 2646 384 2692 BP:
409 2637 485 2703 quod
503 2647 525 2688 A
618 2641 650 2688 13
669 2652 759 2703 usqua
778 2637 808 2688 et
825 2645 862 2688 P:
886 2649 975 2701 usque
994 2643 1045 2685 ΑΒ

70 2712 103 2759 25
123 2708 271 2775 poetarum
280 2707 533 2774 historicorumque
552 2717 596 2770 By
606 2715 665 2759 ΡΝ
673 2706 735 2759 Bn²
753 2706 1005 2773 historicorumque
1025 2704 1086 2757 ⁸22¹

69 2778 268 2832 historicorum
287 2779 502 2845 criticorumque
520 2788 543 2829 A
562 2780 704 2831 oratorum
722 2777 975 2844 historicorumque
999 2785 1018 2828 s
1037 2794 1086 2844 pe-

69 2851 121 2905 tita
140 2866 174 2902 er
192 2865 244 2916 cop
269 2851 295 2902 V
309 2850 518 2918 interpolatione

413 3126 503 3140 a*
