<?xml version="1.0" encoding="UTF-8"?>
<!DOCTYPE html PUBLIC "-//W3C//DTD XHTML 1.0 Transitional//EN"
    "http://www.w3.org/TR/xhtml1/DTD/xhtml1-transitional.dtd">
<html xmlns="http://www.w3.org/1999/xhtml" xml:lang="en" lang="en">
 <head>
  <title>
</title>
<meta http-equiv="Content-Type" content="text/html;charset=utf-8" />
  <meta name='ocr-system' content='tesseract 3.04.00' />
  <meta name='ocr-capabilities' content='ocr_page ocr_carea ocr_par ocr_line ocrx_word'/>
</head>
<body>
  <div class='ocr_page' id='page_1' title='image "./mfabiqvintilian00quingoog_0054.png"; bbox 0 0 2460 3854; ppageno 0'>
   <div class='ocr_carea' id='block_1_1' title="bbox 466 78 1084 191">
    <p class='ocr_par' dir='ltr' id='par_1_1' title="bbox 466 78 1084 191">
     <span class='ocr_line' id='line_1_1' title="bbox 466 78 1084 191; baseline 0.002 -15"><span class='ocrx_word' id='word_1_1' title='bbox 466 122 487 178; x_wconf 92' lang='lat'>1.</span> <span class='ocrx_word' id='word_1_2' title='bbox 517 128 542 189; x_wconf 82' lang='grc'>1,</span> <span class='ocrx_word' id='word_1_3' title='bbox 562 127 676 178; x_wconf 82' lang='grc'>11-11.</span> <span class='ocrx_word' id='word_1_4' title='bbox 871 78 874 86; x_wconf 41' lang='grc'><strong>’</strong></span> <span class='ocrx_word' id='word_1_5' title='bbox 1041 125 1084 191; x_wconf 83' lang='lat'>35</span> 
     </span>
    </p>
   </div>
   <div class='ocr_carea' id='block_1_2' title="bbox 16 288 1176 3206">
    <p class='ocr_par' dir='ltr' id='par_1_2' title="bbox 40 288 1137 815">
     <span class='ocr_line' id='line_1_2' title="bbox 64 288 1083 368; baseline 0 -17"><span class='ocrx_word' id='word_1_6' title='bbox 64 296 169 368; x_wconf 88' lang='lat' dir='ltr'>aperte</span> <span class='ocrx_word' id='word_1_7' title='bbox 193 312 246 352; x_wconf 88' lang='lat' dir='ltr'>nos</span> <span class='ocrx_word' id='word_1_8' title='bbox 271 293 397 351; x_wconf 80' lang='lat' dir='ltr'>doceant</span> <span class='ocrx_word' id='word_1_9' title='bbox 414 291 490 350; x_wconf 84' lang='lat' dir='ltr'>nihil</span> <span class='ocrx_word' id='word_1_10' title='bbox 508 292 616 351; x_wconf 87' lang='lat' dir='ltr'>horum</span> <span class='ocrx_word' id='word_1_11' title='bbox 635 291 672 351; x_wconf 89' lang='lat' dir='ltr'>ad</span> <span class='ocrx_word' id='word_1_12' title='bbox 692 292 765 352; x_wconf 90' lang='lat' dir='ltr'>duos</span> <span class='ocrx_word' id='word_1_13' title='bbox 783 295 940 368; x_wconf 84' lang='lat' dir='ltr'>pertinere,</span> <span class='ocrx_word' id='word_1_14' title='bbox 961 288 1083 352; x_wconf 83' lang='lat' dir='ltr'>‘dixere’</span> 
     </span>
     <span class='ocr_line' id='line_1_3' title="bbox 64 380 1084 459; baseline 0.003 -20"><span class='ocrx_word' id='word_1_15' title='bbox 64 401 195 458; x_wconf 83' lang='lat' dir='ltr'>quoque,</span> <span class='ocrx_word' id='word_1_16' title='bbox 220 401 402 457; x_wconf 87' lang='lat' dir='ltr'>quamquam</span> <span class='ocrx_word' id='word_1_17' title='bbox 423 381 455 438; x_wconf 93' lang='lat' dir='ltr'>id</span> <span class='ocrx_word' id='word_1_18' title='bbox 480 380 631 440; x_wconf 85' lang='lat' dir='ltr'>Antonius</span> <span class='ocrx_word' id='word_1_19' title='bbox 659 382 754 440; x_wconf 87' lang='lat' dir='ltr'>Rufus</span> <span class='ocrx_word' id='word_1_20' title='bbox 786 402 822 440; x_wconf 83' lang='lat' dir='ltr'>ex</span> <span class='ocrx_word' id='word_1_21' title='bbox 854 382 970 442; x_wconf 86' lang='lat' dir='ltr'>diverso</span> <span class='ocrx_word' id='word_1_22' title='bbox 997 383 1084 459; x_wconf 91' lang='lat' dir='ltr'>ponit</span> 
     </span>
     <span class='ocr_line' id='line_1_4' title="bbox 64 469 1137 548; baseline -0.004 -18"><span class='ocrx_word' id='word_1_23' title='bbox 64 471 243 547; x_wconf 86' lang='lat' dir='ltr'>exemplum,</span> <span class='ocrx_word' id='word_1_24' title='bbox 266 471 302 530; x_wconf 98' lang='lat' dir='ltr'>de</span> <span class='ocrx_word' id='word_1_25' title='bbox 324 470 460 546; x_wconf 90' lang='lat' dir='ltr'>pluribus</span> <span class='ocrx_word' id='word_1_26' title='bbox 483 471 618 546; x_wconf 89' lang='lat' dir='ltr'>patronis</span> <span class='ocrx_word' id='word_1_27' title='bbox 641 489 748 547; x_wconf 81' lang='lat' dir='ltr'>praeco</span> <span class='ocrx_word' id='word_1_28' title='bbox 772 473 953 547; x_wconf 84' lang='lat' dir='ltr'>pronuntiet.</span> <span class='ocrx_word' id='word_1_29' title='bbox 991 469 1083 548; x_wconf 81' lang='lat' dir='ltr'>quid?</span> <span class='ocrx_word' id='word_1_30' title='bbox 1098 469 1137 527; x_wconf 78' lang='lat'>44</span> 
     </span>
     <span class='ocr_line' id='line_1_5' title="bbox 63 557 1084 636; baseline 0.002 -18"><span class='ocrx_word' id='word_1_31' title='bbox 63 580 123 619; x_wconf 91' lang='lat' dir='ltr'>non</span> <span class='ocrx_word' id='word_1_32' title='bbox 150 560 257 620; x_wconf 82' lang='lat' dir='ltr'>Livius</span> <span class='ocrx_word' id='word_1_33' title='bbox 289 562 368 618; x_wconf 89' lang='lat' dir='ltr'>circa</span> <span class='ocrx_word' id='word_1_34' title='bbox 397 560 486 618; x_wconf 90' lang='lat' dir='ltr'>initia</span> <span class='ocrx_word' id='word_1_35' title='bbox 518 561 618 618; x_wconf 89' lang='lat' dir='ltr'>statim</span> <span class='ocrx_word' id='word_1_36' title='bbox 647 560 738 635; x_wconf 89' lang='lat' dir='ltr'>primi</span> <span class='ocrx_word' id='word_1_37' title='bbox 764 560 837 618; x_wconf 84' lang='lat' dir='ltr'>libri</span> <span class='ocrx_word' id='word_1_38' title='bbox 865 557 1012 636; x_wconf 67' lang='lat' dir='ltr'>etonuere,</span> <span class='ocrx_word' id='word_1_39' title='bbox 1039 563 1084 620; x_wconf 93' lang='lat' dir='ltr'>in·</span> 
     </span>
     <span class='ocr_line' id='line_1_6' title="bbox 40 645 1083 724; baseline 0.001 -16"><span class='ocrx_word' id='word_1_40' title='bbox 40 649 139 724; x_wconf 73' lang='lat' dir='ltr'>aquit,</span> <span class='ocrx_word' id='word_1_41' title='bbox 172 668 270 708; x_wconf 92' lang='lat' dir='ltr'>arcem</span> <span class='ocrx_word' id='word_1_42' title='bbox 304 645 418 706; x_wconf 83' lang='lat' dir='ltr'>Sabini&#39;</span> <span class='ocrx_word' id='word_1_43' title='bbox 450 651 480 707; x_wconf 92' lang='lat' dir='ltr'>et</span> <span class='ocrx_word' id='word_1_44' title='bbox 508 668 577 707; x_wconf 87' lang='lat' dir='ltr'>mox</span> <span class='ocrx_word' id='word_1_45' title='bbox 608 645 651 706; x_wconf 79' lang='lat' dir='ltr'>‘in</span> <span class='ocrx_word' id='word_1_46' title='bbox 689 648 845 708; x_wconf 88' lang='lat' dir='ltr'>adversum</span> <span class='ocrx_word' id='word_1_47' title='bbox 877 649 1007 708; x_wconf 86' lang='lat' dir='ltr'>Romani</span> <span class='ocrx_word' id='word_1_48' title='bbox 1036 669 1083 709; x_wconf 90' lang='lat' dir='ltr'>su-</span> 
     </span>
     <span class='ocr_line' id='line_1_7' title="bbox 63 734 1084 815; baseline 0 -19"><span class='ocrx_word' id='word_1_49' title='bbox 63 734 181 797; x_wconf 80' lang='lat' dir='ltr'>biere’?</span> <span class='ocrx_word' id='word_1_50' title='bbox 204 738 255 798; x_wconf 92' lang='lat' dir='ltr'>sed</span> <span class='ocrx_word' id='word_1_51' title='bbox 274 758 361 814; x_wconf 90' lang='lat' dir='ltr'>quem</span> <span class='ocrx_word' id='word_1_52' title='bbox 380 739 482 813; x_wconf 91' lang='lat' dir='ltr'>potius</span> <span class='ocrx_word' id='word_1_53' title='bbox 501 757 556 815; x_wconf 87' lang='lat' dir='ltr'>ego</span> <span class='ocrx_word' id='word_1_54' title='bbox 576 758 666 812; x_wconf 89' lang='lat' dir='ltr'>quam</span> <span class='ocrx_word' id='word_1_55' title='bbox 684 739 723 795; x_wconf 89' lang='lat' dir='ltr'>M.</span> <span class='ocrx_word' id='word_1_56' title='bbox 739 739 871 797; x_wconf 88' lang='lat' dir='ltr'>Tullium</span> <span class='ocrx_word' id='word_1_57' title='bbox 885 737 1013 815; x_wconf 83' lang='lat' dir='ltr'>sequar?</span> <span class='ocrx_word' id='word_1_58' title='bbox 1032 739 1084 815; x_wconf 91' lang='lat' dir='ltr'>qui</span> 
     </span>
    </p>

    <p class='ocr_par' dir='ltr' id='par_1_3' title="bbox 63 822 1136 1082">
     <span class='ocr_line' id='line_1_8' title="bbox 63 822 1085 904; baseline 0.002 -19"><span class='ocrx_word' id='word_1_59' title='bbox 63 829 95 885; x_wconf 92' lang='lat' dir='ltr'>in</span> <span class='ocrx_word' id='word_1_60' title='bbox 118 826 245 887; x_wconf 90' lang='lat' dir='ltr'>Oratore</span> <span class='ocrx_word' id='word_1_61' title='bbox 270 823 340 886; x_wconf 83' lang='lat' dir='ltr'>‘non</span> <span class='ocrx_word' id='word_1_62' title='bbox 362 822 530 903; x_wconf 85' lang='lat' dir='ltr'>reprendo’,</span> <span class='ocrx_word' id='word_1_63' title='bbox 560 828 668 902; x_wconf 83' lang='lat' dir='ltr'>inquit,</span> <span class='ocrx_word' id='word_1_64' title='bbox 702 823 870 904; x_wconf 70' lang='lat' dir='ltr'>escripsere:</span> <span class='ocrx_word' id='word_1_65' title='bbox 903 830 1085 903; x_wconf 87' lang='lat' dir='ltr'>scripserunt</span> 
     </span>
     <span class='ocr_line' id='line_1_9' title="bbox 65 912 1136 976; baseline 0 -1"><span class='ocrx_word' id='word_1_66' title='bbox 65 935 127 976; x_wconf 89' lang='lat' dir='ltr'>esse</span> <span class='ocrx_word' id='word_1_67' title='bbox 151 919 251 976; x_wconf 89' lang='lat' dir='ltr'>verius</span> <span class='ocrx_word' id='word_1_68' title='bbox 275 912 392 976; x_wconf 88' lang='lat' dir='ltr'>sentio&#39;.</span> <span class='ocrx_word' id='word_1_69' title='bbox 416 916 555 975; x_wconf 88' lang='lat' dir='ltr'>similiter</span> <span class='ocrx_word' id='word_1_70' title='bbox 576 918 609 974; x_wconf 90' lang='lat' dir='ltr'>in</span> <span class='ocrx_word' id='word_1_71' title='bbox 632 916 784 975; x_wconf 88' lang='lat' dir='ltr'>vocabulis</span> <span class='ocrx_word' id='word_1_72' title='bbox 809 920 838 976; x_wconf 94' lang='lat' dir='ltr'>et</span> <span class='ocrx_word' id='word_1_73' title='bbox 862 918 1031 976; x_wconf 90' lang='lat' dir='ltr'>nominibus</span> <span class='ocrx_word' id='word_1_74' title='bbox 1049 914 1136 975; x_wconf 74' lang='grc'>11145</span> 
     </span>
     <span class='ocr_line' id='line_1_10' title="bbox 64 1005 1084 1082; baseline -0.001 -18"><span class='ocrx_word' id='word_1_75' title='bbox 64 1005 256 1066; x_wconf 86' lang='lat' dir='ltr'>soloecismus</span> <span class='ocrx_word' id='word_1_76' title='bbox 279 1025 394 1082; x_wconf 83' lang='lat' dir='ltr'>genere,</span> <span class='ocrx_word' id='word_1_77' title='bbox 422 1024 554 1081; x_wconf 82' lang='lat' dir='ltr'>numero,</span> <span class='ocrx_word' id='word_1_78' title='bbox 582 1006 702 1081; x_wconf 84' lang='lat' dir='ltr'>proprie</span> <span class='ocrx_word' id='word_1_79' title='bbox 726 1009 826 1064; x_wconf 87' lang='lat' dir='ltr'>autem</span> <span class='ocrx_word' id='word_1_80' title='bbox 850 1006 975 1079; x_wconf 82' lang='lat' dir='ltr'>casibus,</span> <span class='ocrx_word' id='word_1_81' title='bbox 999 1006 1084 1082; x_wconf 91' lang='lat' dir='ltr'>quid-</span> 
     </span>
    </p>

    <p class='ocr_par' dir='ltr' id='par_1_4' title="bbox 27 1094 1150 1529">
     <span class='ocr_line' id='line_1_11' title="bbox 27 1094 1150 1175; baseline -0.002 -21"><span class='ocrx_word' id='word_1_82' title='bbox 27 1115 50 1155; x_wconf 86' lang='grc'>11</span> <span class='ocrx_word' id='word_1_83' title='bbox 65 1095 136 1171; x_wconf 92' lang='lat' dir='ltr'>quid</span> <span class='ocrx_word' id='word_1_84' title='bbox 160 1096 276 1175; x_wconf 51' lang='lat' dir='ltr'>horum¹</span> <span class='ocrx_word' id='word_1_85' title='bbox 291 1096 379 1153; x_wconf 84' lang='lat' dir='ltr'>alteri</span> <span class='ocrx_word' id='word_1_86' title='bbox 401 1095 545 1153; x_wconf 88' lang='lat' dir='ltr'>succedet.</span> <span class='ocrx_word' id='word_1_87' title='bbox 576 1095 648 1152; x_wconf 89' lang='lat' dir='ltr'>huic</span> <span class='ocrx_word' id='word_1_88' title='bbox 669 1096 751 1170; x_wconf 85' lang='lat' dir='ltr'>parti</span> <span class='ocrx_word' id='word_1_89' title='bbox 774 1094 993 1171; x_wconf 87' lang='lat' dir='ltr'>subiungantur</span> <span class='ocrx_word' id='word_1_90' title='bbox 1014 1095 1085 1154; x_wconf 89' lang='lat' dir='ltr'>licet</span> <span class='ocrx_word' id='word_1_91' title='bbox 1112 1100 1150 1136; x_wconf 54' lang='grc' dir='ltr'>ἂν</span> 
     </span>
     <span class='ocr_line' id='line_1_12' title="bbox 62 1183 1084 1263; baseline 0 -21"><span class='ocrx_word' id='word_1_92' title='bbox 62 1204 117 1259; x_wconf 90' lang='lat' dir='ltr'>por</span> <span class='ocrx_word' id='word_1_93' title='bbox 149 1184 385 1263; x_wconf 86' lang='lat' dir='ltr'>comparationes</span> <span class='ocrx_word' id='word_1_94' title='bbox 418 1187 449 1242; x_wconf 90' lang='lat' dir='ltr'>et</span> <span class='ocrx_word' id='word_1_95' title='bbox 480 1184 712 1260; x_wconf 88' lang='lat' dir='ltr'>superlationes,</span> <span class='ocrx_word' id='word_1_96' title='bbox 748 1183 880 1260; x_wconf 87' lang='lat' dir='ltr'>itemque</span> <span class='ocrx_word' id='word_1_97' title='bbox 911 1186 944 1241; x_wconf 92' lang='lat' dir='ltr'>in</span> <span class='ocrx_word' id='word_1_98' title='bbox 976 1184 1084 1259; x_wconf 92' lang='lat' dir='ltr'>quibus</span> 
     </span>
     <span class='ocr_line' id='line_1_13' title="bbox 61 1270 1137 1350; baseline -0.006 -19"><span class='ocrx_word' id='word_1_99' title='bbox 61 1274 197 1348; x_wconf 87' lang='lat' dir='ltr'>patrium</span> <span class='ocrx_word' id='word_1_100' title='bbox 228 1292 283 1350; x_wconf 90' lang='lat' dir='ltr'>pro</span> <span class='ocrx_word' id='word_1_101' title='bbox 315 1274 481 1349; x_wconf 87' lang='lat' dir='ltr'>possessivo</span> <span class='ocrx_word' id='word_1_102' title='bbox 510 1273 621 1331; x_wconf 90' lang='lat' dir='ltr'>dicitur</span> <span class='ocrx_word' id='word_1_103' title='bbox 647 1274 696 1331; x_wconf 85' lang='lat' dir='ltr'>vel</span> <span class='ocrx_word' id='word_1_104' title='bbox 724 1275 836 1331; x_wconf 88' lang='lat' dir='ltr'>contra.</span> <span class='ocrx_word' id='word_1_105' title='bbox 877 1292 947 1330; x_wconf 88' lang='lat' dir='ltr'>nam</span> <span class='ocrx_word' id='word_1_106' title='bbox 974 1270 1137 1332; x_wconf 78' lang='grc'>1111111146</span> 
     </span>
     <span class='ocr_line' id='line_1_14' title="bbox 64 1357 1084 1438; baseline 0.001 -19"><span class='ocrx_word' id='word_1_107' title='bbox 64 1362 144 1437; x_wconf 92' lang='lat' dir='ltr'>quod</span> <span class='ocrx_word' id='word_1_108' title='bbox 166 1361 202 1419; x_wconf 92' lang='lat' dir='ltr'>fit</span> <span class='ocrx_word' id='word_1_109' title='bbox 224 1381 278 1438; x_wconf 89' lang='lat' dir='ltr'>per</span> <span class='ocrx_word' id='word_1_110' title='bbox 301 1364 511 1438; x_wconf 77' lang='lat' dir='ltr'>quantitatem,</span> <span class='ocrx_word' id='word_1_111' title='bbox 533 1365 568 1420; x_wconf 90' lang='lat' dir='ltr'>ut</span> <span class='ocrx_word' id='word_1_112' title='bbox 592 1358 747 1438; x_wconf 86' lang='lat' dir='ltr'>‘magnum</span> <span class='ocrx_word' id='word_1_113' title='bbox 769 1357 973 1437; x_wconf 87' lang='lat' dir='ltr'>peculiolum’,</span> <span class='ocrx_word' id='word_1_114' title='bbox 997 1366 1084 1420; x_wconf 91' lang='lat' dir='ltr'>erunt</span> 
     </span>
     <span class='ocr_line' id='line_1_15' title="bbox 63 1450 1083 1529; baseline -0.001 -20"><span class='ocrx_word' id='word_1_115' title='bbox 63 1452 117 1527; x_wconf 91' lang='lat' dir='ltr'>qui</span> <span class='ocrx_word' id='word_1_116' title='bbox 140 1451 348 1510; x_wconf 79' lang='lat' dir='ltr'>soloecismum</span> <span class='ocrx_word' id='word_1_117' title='bbox 369 1453 486 1527; x_wconf 74' lang='lat' dir='ltr'>putent,</span> <span class='ocrx_word' id='word_1_118' title='bbox 509 1453 581 1526; x_wconf 87' lang='lat' dir='ltr'>quia</span> <span class='ocrx_word' id='word_1_119' title='bbox 603 1452 794 1527; x_wconf 89' lang='lat' dir='ltr'>pronomine</span> <span class='ocrx_word' id='word_1_120' title='bbox 814 1450 931 1529; x_wconf 79' lang='lat' dir='ltr'>integro</span> <span class='ocrx_word' id='word_1_121' title='bbox 951 1453 1083 1527; x_wconf 89' lang='lat' dir='ltr'>positum</span> 
     </span>
    </p>

    <p class='ocr_par' dir='ltr' id='par_1_5' title="bbox 30 1539 1134 1974">
     <span class='ocr_line' id='line_1_16' title="bbox 30 1539 1083 1618; baseline -0.001 -19"><span class='ocrx_word' id='word_1_122' title='bbox 30 1561 50 1600; x_wconf 86' lang='lat' dir='ltr'>u</span> <span class='ocrx_word' id='word_1_123' title='bbox 64 1542 105 1600; x_wconf 93' lang='lat' dir='ltr'>sit</span> <span class='ocrx_word' id='word_1_124' title='bbox 128 1539 328 1599; x_wconf 87' lang='lat' dir='ltr'>deminutum:</span> <span class='ocrx_word' id='word_1_125' title='bbox 361 1560 415 1618; x_wconf 86' lang='lat' dir='ltr'>ego</span> <span class='ocrx_word' id='word_1_126' title='bbox 444 1541 547 1599; x_wconf 91' lang='lat' dir='ltr'>dubito</span> <span class='ocrx_word' id='word_1_127' title='bbox 576 1560 613 1599; x_wconf 92' lang='lat' dir='ltr'>an</span> <span class='ocrx_word' id='word_1_128' title='bbox 642 1540 674 1598; x_wconf 93' lang='lat' dir='ltr'>id</span> <span class='ocrx_word' id='word_1_129' title='bbox 696 1541 884 1615; x_wconf 92' lang='lat' dir='ltr'>inproprium</span> <span class='ocrx_word' id='word_1_130' title='bbox 906 1540 1006 1616; x_wconf 89' lang='lat' dir='ltr'>potius</span> <span class='ocrx_word' id='word_1_131' title='bbox 1031 1560 1083 1616; x_wconf 91' lang='lat' dir='ltr'>ap-</span> 
     </span>
     <span class='ocr_line' id='line_1_17' title="bbox 63 1629 1084 1707; baseline 0 -20"><span class='ocrx_word' id='word_1_132' title='bbox 63 1629 188 1705; x_wconf 81' lang='lat' dir='ltr'>pellem3</span> <span class='ocrx_word' id='word_1_133' title='bbox 207 1629 425 1707; x_wconf 80' lang='lat' dir='ltr'>significatione</span> <span class='ocrx_word' id='word_1_134' title='bbox 444 1631 523 1688; x_wconf 91' lang='lat' dir='ltr'>enim</span> <span class='ocrx_word' id='word_1_135' title='bbox 542 1629 672 1689; x_wconf 85' lang='lat' dir='ltr'>deerrat:</span> <span class='ocrx_word' id='word_1_136' title='bbox 691 1629 859 1688; x_wconf 88' lang='lat' dir='ltr'>soloecismi</span> <span class='ocrx_word' id='word_1_137' title='bbox 872 1649 960 1705; x_wconf 88' lang='lat' dir='ltr'>porro</span> <span class='ocrx_word' id='word_1_138' title='bbox 975 1631 1084 1689; x_wconf 82' lang='lat' dir='ltr'>vitium</span> 
     </span>
     <span class='ocr_line' id='line_1_18' title="bbox 62 1711 1134 1797; baseline 0.002 -21"><span class='ocrx_word' id='word_1_139' title='bbox 62 1737 123 1777; x_wconf 91' lang='lat' dir='ltr'>non</span> <span class='ocrx_word' id='word_1_140' title='bbox 148 1721 194 1778; x_wconf 83' lang='lat' dir='ltr'>est</span> <span class='ocrx_word' id='word_1_141' title='bbox 216 1719 249 1776; x_wconf 90' lang='lat' dir='ltr'>in</span> <span class='ocrx_word' id='word_1_142' title='bbox 267 1738 364 1793; x_wconf 86' lang='lat' dir='ltr'>sensu,</span> <span class='ocrx_word' id='word_1_143' title='bbox 387 1719 439 1778; x_wconf 89' lang='lat' dir='ltr'>sed</span> <span class='ocrx_word' id='word_1_144' title='bbox 456 1721 489 1776; x_wconf 93' lang='lat' dir='ltr'>in</span> <span class='ocrx_word' id='word_1_145' title='bbox 507 1719 661 1794; x_wconf 86' lang='lat' dir='ltr'>conplexu.</span> <span class='ocrx_word' id='word_1_146' title='bbox 690 1720 722 1776; x_wconf 91' lang='lat' dir='ltr'>in</span> <span class='ocrx_word' id='word_1_147' title='bbox 740 1720 901 1794; x_wconf 86' lang='lat' dir='ltr'>participio</span> <span class='ocrx_word' id='word_1_148' title='bbox 919 1737 973 1794; x_wconf 89' lang='lat' dir='ltr'>per</span> <span class='ocrx_word' id='word_1_149' title='bbox 991 1711 1134 1797; x_wconf 59' lang='grc'>31111147</span> 
     </span>
     <span class='ocr_line' id='line_1_19' title="bbox 63 1807 1084 1883; baseline -0.001 -17"><span class='ocrx_word' id='word_1_150' title='bbox 63 1810 94 1866; x_wconf 91' lang='grc'>11</span> <span class='ocrx_word' id='word_1_151' title='bbox 122 1826 225 1866; x_wconf 90' lang='lat' dir='ltr'>oasum</span> <span class='ocrx_word' id='word_1_152' title='bbox 253 1812 289 1867; x_wconf 90' lang='lat' dir='ltr'>ut</span> <span class='ocrx_word' id='word_1_153' title='bbox 315 1810 348 1866; x_wconf 94' lang='lat' dir='ltr'>in</span> <span class='ocrx_word' id='word_1_154' title='bbox 370 1807 538 1882; x_wconf 80' lang='lat' dir='ltr'>vocabulo,</span> <span class='ocrx_word' id='word_1_155' title='bbox 555 1827 609 1883; x_wconf 90' lang='lat' dir='ltr'>per</span> <span class='ocrx_word' id='word_1_156' title='bbox 631 1810 768 1883; x_wconf 88' lang='lat' dir='ltr'>tempora</span> <span class='ocrx_word' id='word_1_157' title='bbox 790 1808 879 1866; x_wconf 90' lang='lat' dir='ltr'>utin</span> <span class='ocrx_word' id='word_1_158' title='bbox 902 1808 1001 1881; x_wconf 88' lang='lat' dir='ltr'>verbo,</span> <span class='ocrx_word' id='word_1_159' title='bbox 1030 1828 1084 1883; x_wconf 90' lang='lat' dir='ltr'>per</span> 
     </span>
     <span class='ocr_line' id='line_1_20' title="bbox 61 1899 1083 1974; baseline 0 -20"><span class='ocrx_word' id='word_1_160' title='bbox 61 1916 221 1956; x_wconf 90' lang='lat' dir='ltr'>numerum</span> <span class='ocrx_word' id='word_1_161' title='bbox 239 1899 324 1955; x_wconf 92' lang='lat' dir='ltr'>utin</span> <span class='ocrx_word' id='word_1_162' title='bbox 342 1899 469 1972; x_wconf 89' lang='lat' dir='ltr'>utroque</span> <span class='ocrx_word' id='word_1_163' title='bbox 488 1900 636 1973; x_wconf 87' lang='lat' dir='ltr'>peccatur.</span> <span class='ocrx_word' id='word_1_164' title='bbox 660 1917 825 1974; x_wconf 88' lang='lat' dir='ltr'>pronomen</span> <span class='ocrx_word' id='word_1_165' title='bbox 843 1916 962 1974; x_wconf 88' lang='lat' dir='ltr'>quoque</span> <span class='ocrx_word' id='word_1_166' title='bbox 981 1915 1083 1973; x_wconf 87' lang='lat' dir='ltr'>genus,</span> 
     </span>
    </p>

    <p class='ocr_par' dir='ltr' id='par_1_6' title="bbox 26 1986 1136 2417">
     <span class='ocr_line' id='line_1_21' title="bbox 26 1986 1083 2062; baseline -0.005 -15"><span class='ocrx_word' id='word_1_167' title='bbox 26 2005 47 2047; x_wconf 82' lang='grc'>1</span> <span class='ocrx_word' id='word_1_168' title='bbox 61 2005 230 2060; x_wconf 87' lang='lat' dir='ltr'>numerum,</span> <span class='ocrx_word' id='word_1_169' title='bbox 259 2004 343 2046; x_wconf 89' lang='grc'>11111</span> <span class='ocrx_word' id='word_1_170' title='bbox 366 1986 466 2059; x_wconf 88' lang='lat' dir='ltr'>habet,</span> <span class='ocrx_word' id='word_1_171' title='bbox 494 2005 570 2062; x_wconf 89' lang='lat' dir='ltr'>quae</span> <span class='ocrx_word' id='word_1_172' title='bbox 594 1988 694 2044; x_wconf 91' lang='lat' dir='ltr'>omnia</span> <span class='ocrx_word' id='word_1_173' title='bbox 717 1988 869 2061; x_wconf 87' lang='lat' dir='ltr'>recipiunt</span> <span class='ocrx_word' id='word_1_174' title='bbox 890 1986 979 2044; x_wconf 90' lang='lat' dir='ltr'>huius</span> <span class='ocrx_word' id='word_1_175' title='bbox 1002 1986 1083 2044; x_wconf 91' lang='lat' dir='ltr'>modi</span> 
     </span>
     <span class='ocr_line' id='line_1_22' title="bbox 60 2070 1136 2152; baseline -0.001 -18"><span class='ocrx_word' id='word_1_176' title='bbox 60 2094 202 2134; x_wconf 90' lang='lat' dir='ltr'>errorem.</span> <span class='ocrx_word' id='word_1_177' title='bbox 243 2075 320 2134; x_wconf 90' lang='lat' dir='ltr'>fiunt</span> <span class='ocrx_word' id='word_1_178' title='bbox 351 2077 517 2135; x_wconf 89' lang='lat' dir='ltr'>soloecismi</span> <span class='ocrx_word' id='word_1_179' title='bbox 550 2077 580 2134; x_wconf 92' lang='grc'>11</span> <span class='ocrx_word' id='word_1_180' title='bbox 611 2075 732 2152; x_wconf 88' lang='lat' dir='ltr'>quidem</span> <span class='ocrx_word' id='word_1_181' title='bbox 758 2075 881 2150; x_wconf 86' lang='lat' dir='ltr'>plurimi</span> <span class='ocrx_word' id='word_1_182' title='bbox 908 2094 962 2150; x_wconf 93' lang='lat' dir='ltr'>per</span> <span class='ocrx_word' id='word_1_183' title='bbox 988 2076 1083 2150; x_wconf 81' lang='lat' dir='ltr'>partis</span> <span class='ocrx_word' id='word_1_184' title='bbox 1098 2070 1136 2127; x_wconf 80' lang='grc'>48</span> 
     </span>
     <span class='ocr_line' id='line_1_23' title="bbox 61 2163 1083 2237; baseline -0.001 -15"><span class='ocrx_word' id='word_1_185' title='bbox 61 2166 222 2223; x_wconf 91' lang='lat' dir='ltr'>orationis:</span> <span class='ocrx_word' id='word_1_186' title='bbox 256 2165 308 2223; x_wconf 90' lang='lat' dir='ltr'>sed</span> <span class='ocrx_word' id='word_1_187' title='bbox 336 2166 367 2222; x_wconf 90' lang='lat' dir='ltr'>id</span> <span class='ocrx_word' id='word_1_188' title='bbox 397 2165 515 2223; x_wconf 87' lang='lat' dir='ltr'>tradere</span> <span class='ocrx_word' id='word_1_189' title='bbox 545 2165 618 2224; x_wconf 89' lang='grc'>11111</span> <span class='ocrx_word' id='word_1_190' title='bbox 648 2184 708 2222; x_wconf 91' lang='lat' dir='ltr'>non</span> <span class='ocrx_word' id='word_1_191' title='bbox 737 2167 790 2237; x_wconf 89' lang='lat' dir='ltr'>est,</span> <span class='ocrx_word' id='word_1_192' title='bbox 822 2183 859 2221; x_wconf 92' lang='lat' dir='ltr'>ne</span> <span class='ocrx_word' id='word_1_193' title='bbox 889 2165 935 2221; x_wconf 91' lang='lat' dir='ltr'>ita</span> <span class='ocrx_word' id='word_1_194' title='bbox 965 2163 1083 2222; x_wconf 90' lang='lat' dir='ltr'>demum</span> 
     </span>
     <span class='ocr_line' id='line_1_24' title="bbox 60 2253 1083 2329; baseline -0.002 -17"><span class='ocrx_word' id='word_1_195' title='bbox 60 2254 173 2312; x_wconf 83' lang='lat' dir='ltr'>vitium</span> <span class='ocrx_word' id='word_1_196' title='bbox 205 2271 267 2313; x_wconf 92' lang='grc'>1111</span> <span class='ocrx_word' id='word_1_197' title='bbox 300 2255 402 2312; x_wconf 88' lang='lat' dir='ltr'>credat</span> <span class='ocrx_word' id='word_1_198' title='bbox 433 2273 515 2329; x_wconf 85' lang='lat' dir='ltr'>puer,</span> <span class='ocrx_word' id='word_1_199' title='bbox 548 2255 573 2313; x_wconf 88' lang='lat' dir='ltr'>si</span> <span class='ocrx_word' id='word_1_200' title='bbox 605 2273 659 2327; x_wconf 89' lang='lat' dir='ltr'>pro</span> <span class='ocrx_word' id='word_1_201' title='bbox 693 2253 754 2311; x_wconf 88' lang='lat' dir='ltr'>alia</span> <span class='ocrx_word' id='word_1_202' title='bbox 785 2255 915 2328; x_wconf 90' lang='lat' dir='ltr'>ponatur</span> <span class='ocrx_word' id='word_1_203' title='bbox 948 2253 1017 2327; x_wconf 83' lang='lat' dir='ltr'>alia,</span> <span class='ocrx_word' id='word_1_204' title='bbox 1049 2255 1083 2310; x_wconf 93' lang='lat' dir='ltr'>ut</span> 
     </span>
     <span class='ocr_line' id='line_1_25' title="bbox 59 2341 1083 2417; baseline -0.002 -15"><span class='ocrx_word' id='word_1_205' title='bbox 59 2342 196 2415; x_wconf 86' lang='lat' dir='ltr'>verbum,</span> <span class='ocrx_word' id='word_1_206' title='bbox 220 2343 270 2401; x_wconf 90' lang='lat' dir='ltr'>ubi</span> <span class='ocrx_word' id='word_1_207' title='bbox 293 2363 401 2402; x_wconf 90' lang='lat' dir='ltr'>nomen</span> <span class='ocrx_word' id='word_1_208' title='bbox 425 2361 487 2402; x_wconf 87' lang='lat' dir='ltr'>esse</span> <span class='ocrx_word' id='word_1_209' title='bbox 506 2343 649 2416; x_wconf 87' lang='lat' dir='ltr'>debuerit,</span> <span class='ocrx_word' id='word_1_210' title='bbox 674 2342 721 2401; x_wconf 85' lang='lat' dir='ltr'>vel</span> <span class='ocrx_word' id='word_1_211' title='bbox 740 2342 923 2416; x_wconf 83' lang='lat' dir='ltr'>adverbium,</span> <span class='ocrx_word' id='word_1_212' title='bbox 946 2341 999 2399; x_wconf 95' lang='lat' dir='ltr'>ubi</span> <span class='ocrx_word' id='word_1_213' title='bbox 1016 2361 1083 2417; x_wconf 94' lang='lat' dir='ltr'>pro·</span> 
     </span>
    </p>

    <p class='ocr_par' dir='ltr' id='par_1_7' title="bbox 18 2426 1136 2867">
     <span class='ocr_line' id='line_1_26' title="bbox 18 2426 1136 2507; baseline -0.004 -14"><span class='ocrx_word' id='word_1_214' title='bbox 18 2450 173 2493; x_wconf 79' lang='grc'>1111111111</span> <span class='ocrx_word' id='word_1_215' title='bbox 196 2449 231 2490; x_wconf 93' lang='grc'>11</span> <span class='ocrx_word' id='word_1_216' title='bbox 253 2432 373 2491; x_wconf 87' lang='lat' dir='ltr'>similia.</span> <span class='ocrx_word' id='word_1_217' title='bbox 397 2451 468 2490; x_wconf 89' lang='lat' dir='ltr'>nam</span> <span class='ocrx_word' id='word_1_218' title='bbox 490 2435 560 2491; x_wconf 88' lang='lat' dir='ltr'>sunt</span> <span class='ocrx_word' id='word_1_219' title='bbox 583 2432 730 2507; x_wconf 89' lang='lat' dir='ltr'>quaedam</span> <span class='ocrx_word' id='word_1_220' title='bbox 754 2433 890 2507; x_wconf 80' lang='lat' dir='ltr'>cognata,</span> <span class='ocrx_word' id='word_1_221' title='bbox 914 2433 948 2488; x_wconf 92' lang='lat' dir='ltr'>ut</span> <span class='ocrx_word' id='word_1_222' title='bbox 971 2431 1083 2505; x_wconf 86' lang='lat' dir='ltr'>dicunt,</span> <span class='ocrx_word' id='word_1_223' title='bbox 1097 2426 1136 2482; x_wconf 80' lang='grc'>49</span> 
     </span>
     <span class='ocr_line' id='line_1_27' title="bbox 59 2520 1082 2600; baseline -0.001 -21"><span class='ocrx_word' id='word_1_224' title='bbox 59 2521 94 2579; x_wconf 94' lang='lat' dir='ltr'>id</span> <span class='ocrx_word' id='word_1_225' title='bbox 123 2524 170 2580; x_wconf 88' lang='lat' dir='ltr'>est</span> <span class='ocrx_word' id='word_1_226' title='bbox 196 2522 327 2580; x_wconf 92' lang='lat' dir='ltr'>eiusdem</span> <span class='ocrx_word' id='word_1_227' title='bbox 354 2523 479 2600; x_wconf 69' lang='lat' dir='ltr'>generis</span> <span class='ocrx_word' id='word_1_228' title='bbox 508 2524 541 2578; x_wconf 93' lang='lat' dir='ltr'>in</span> <span class='ocrx_word' id='word_1_229' title='bbox 569 2521 675 2596; x_wconf 91' lang='lat' dir='ltr'>quibus</span> <span class='ocrx_word' id='word_1_230' title='bbox 703 2523 757 2596; x_wconf 89' lang='lat' dir='ltr'>qui</span> <span class='ocrx_word' id='word_1_231' title='bbox 784 2521 844 2578; x_wconf 87' lang='lat' dir='ltr'>alia</span> <span class='ocrx_word' id='word_1_232' title='bbox 873 2520 969 2595; x_wconf 86' lang='lat' dir='ltr'>specie</span> <span class='ocrx_word' id='word_1_233' title='bbox 992 2540 1082 2595; x_wconf 91' lang='lat' dir='ltr'>quam</span> 
     </span>
     <span class='ocr_line' id='line_1_28' title="bbox 61 2610 1082 2688; baseline 0 -20"><span class='ocrx_word' id='word_1_234' title='bbox 61 2611 185 2685; x_wconf 87' lang='lat' dir='ltr'>oportet</span> <span class='ocrx_word' id='word_1_235' title='bbox 211 2612 322 2684; x_wconf 85' lang='lat' dir='ltr'>utetur,</span> <span class='ocrx_word' id='word_1_236' title='bbox 354 2630 414 2669; x_wconf 91' lang='lat' dir='ltr'>non</span> <span class='ocrx_word' id='word_1_237' title='bbox 441 2612 539 2669; x_wconf 91' lang='lat' dir='ltr'>minus</span> <span class='ocrx_word' id='word_1_238' title='bbox 568 2629 658 2686; x_wconf 92' lang='lat' dir='ltr'>quam</span> <span class='ocrx_word' id='word_1_239' title='bbox 685 2610 750 2685; x_wconf 92' lang='lat' dir='ltr'>ipso</span> <span class='ocrx_word' id='word_1_240' title='bbox 779 2628 885 2688; x_wconf 88' lang='lat' dir='ltr'>genere</span> <span class='ocrx_word' id='word_1_241' title='bbox 912 2612 1082 2685; x_wconf 89' lang='lat' dir='ltr'>permutato</span> 
     </span>
     <span class='ocr_line' id='line_1_29' title="bbox 60 2693 1136 2773; baseline -0.001 -16"><span class='ocrx_word' id='word_1_242' title='bbox 60 2699 233 2773; x_wconf 88' lang='lat' dir='ltr'>deliquerit.</span> <span class='ocrx_word' id='word_1_243' title='bbox 269 2703 394 2758; x_wconf 93' lang='lat' dir='ltr'>namet</span> <span class='ocrx_word' id='word_1_244' title='bbox 418 2693 480 2758; x_wconf 81' lang='lat' dir='ltr'>‘an&#39;</span> <span class='ocrx_word' id='word_1_245' title='bbox 504 2702 534 2758; x_wconf 89' lang='lat' dir='ltr'>et</span> <span class='ocrx_word' id='word_1_246' title='bbox 557 2693 633 2757; x_wconf 72' lang='lat' dir='ltr'>‘aut’</span> <span class='ocrx_word' id='word_1_247' title='bbox 657 2701 879 2758; x_wconf 88' lang='lat' dir='ltr'>coniunctiones</span> <span class='ocrx_word' id='word_1_248' title='bbox 903 2700 981 2771; x_wconf 91' lang='lat' dir='ltr'>sunt,</span> <span class='ocrx_word' id='word_1_249' title='bbox 1003 2699 1082 2756; x_wconf 87' lang='lat' dir='ltr'>male</span> <span class='ocrx_word' id='word_1_250' title='bbox 1096 2694 1136 2749; x_wconf 72' lang='grc' dir='ltr'>ὅθ</span> 
     </span>
     <span class='ocr_line' id='line_1_30' title="bbox 59 2781 1083 2867; baseline -0.002 -20"><span class='ocrx_word' id='word_1_251' title='bbox 59 2792 166 2847; x_wconf 87' lang='lat' dir='ltr'>tamen</span> <span class='ocrx_word' id='word_1_252' title='bbox 193 2790 358 2867; x_wconf 84' lang='lat' dir='ltr'>interroges</span> <span class='ocrx_word' id='word_1_253' title='bbox 383 2785 442 2847; x_wconf 82' lang='lat' dir='ltr'>‘hic</span> <span class='ocrx_word' id='word_1_254' title='bbox 470 2791 523 2846; x_wconf 93' lang='lat' dir='ltr'>aut</span> <span class='ocrx_word' id='word_1_255' title='bbox 549 2788 601 2847; x_wconf 87' lang='lat' dir='ltr'>ille</span> <span class='ocrx_word' id='word_1_256' title='bbox 625 2784 686 2846; x_wconf 88' lang='lat' dir='ltr'>sit’.</span> <span class='ocrx_word' id='word_1_257' title='bbox 728 2791 759 2846; x_wconf 89' lang='lat' dir='ltr'>et</span> <span class='ocrx_word' id='word_1_258' title='bbox 781 2782 841 2846; x_wconf 77' lang='lat' dir='ltr'>‘ne’</span> <span class='ocrx_word' id='word_1_259' title='bbox 867 2806 900 2846; x_wconf 90' lang='lat' dir='ltr'>ao</span> <span class='ocrx_word' id='word_1_260' title='bbox 925 2781 1007 2845; x_wconf 79' lang='lat' dir='ltr'>‘non&#39;</span> <span class='ocrx_word' id='word_1_261' title='bbox 1032 2786 1083 2845; x_wconf 86' lang='lat' dir='ltr'>ad-</span> 
     </span>
    </p>

    <p class='ocr_par' dir='ltr' id='par_1_8' title="bbox 16 2871 1176 3206">
     <span class='ocr_line' id='line_1_31' title="bbox 16 2871 1081 2953; baseline -0.006 -13"><span class='ocrx_word' id='word_1_262' title='bbox 16 2901 45 2940; x_wconf 83' lang='grc'>11</span> <span class='ocrx_word' id='word_1_263' title='bbox 61 2876 180 2937; x_wconf 83' lang='lat' dir='ltr'>verbia:</span> <span class='ocrx_word' id='word_1_264' title='bbox 203 2879 257 2953; x_wconf 90' lang='lat' dir='ltr'>qui</span> <span class='ocrx_word' id='word_1_265' title='bbox 279 2879 381 2936; x_wconf 89' lang='lat' dir='ltr'>tamen</span> <span class='ocrx_word' id='word_1_266' title='bbox 404 2877 485 2936; x_wconf 88' lang='lat' dir='ltr'>dicat</span> <span class='ocrx_word' id='word_1_267' title='bbox 506 2896 561 2953; x_wconf 91' lang='lat' dir='ltr'>pro</span> <span class='ocrx_word' id='word_1_268' title='bbox 584 2878 638 2936; x_wconf 91' lang='lat' dir='ltr'>illo</span> <span class='ocrx_word' id='word_1_269' title='bbox 663 2873 711 2935; x_wconf 86' lang='lat' dir='ltr'>‘ne</span> <span class='ocrx_word' id='word_1_270' title='bbox 729 2871 846 2937; x_wconf 85' lang='lat' dir='ltr'>feeeris&#39;</span> <span class='ocrx_word' id='word_1_271' title='bbox 866 2871 938 2936; x_wconf 73' lang='lat' dir='ltr'>‘non</span> <span class='ocrx_word' id='word_1_272' title='bbox 955 2873 1081 2951; x_wconf 85' lang='lat' dir='ltr'>feeeris&#39;,</span> 
     </span>
     <span class='ocr_line' id='line_1_32' title="bbox 60 2966 1082 3044; baseline -0.001 -19"><span class='ocrx_word' id='word_1_273' title='bbox 60 2969 95 3025; x_wconf 91' lang='lat' dir='ltr'>in</span> <span class='ocrx_word' id='word_1_274' title='bbox 118 2966 199 3025; x_wconf 90' lang='lat' dir='ltr'>idem</span> <span class='ocrx_word' id='word_1_275' title='bbox 222 2966 336 3025; x_wconf 90' lang='lat' dir='ltr'>incidat</span> <span class='ocrx_word' id='word_1_276' title='bbox 353 2969 470 3041; x_wconf 86' lang='lat' dir='ltr'>vitium,</span> <span class='ocrx_word' id='word_1_277' title='bbox 495 2968 565 3042; x_wconf 93' lang='lat' dir='ltr'>quia</span> <span class='ocrx_word' id='word_1_278' title='bbox 584 2967 710 3025; x_wconf 87' lang='lat' dir='ltr'>alterum</span> <span class='ocrx_word' id='word_1_279' title='bbox 730 2967 859 3044; x_wconf 88' lang='lat' dir='ltr'>negandi</span> <span class='ocrx_word' id='word_1_280' title='bbox 877 2969 931 3040; x_wconf 85' lang='lat' dir='ltr'>est,</span> <span class='ocrx_word' id='word_1_281' title='bbox 954 2966 1082 3024; x_wconf 86' lang='lat' dir='ltr'>alterum</span> 
     </span>
     <span class='ocr_line' id='line_1_33' title="bbox 61 3049 1080 3131; baseline -0.002 -17"><span class='ocrx_word' id='word_1_282' title='bbox 61 3055 195 3114; x_wconf 85' lang='lat' dir='ltr'>vetandi.</span> <span class='ocrx_word' id='word_1_283' title='bbox 225 3056 281 3114; x_wconf 95' lang='lat' dir='ltr'>hoc</span> <span class='ocrx_word' id='word_1_284' title='bbox 304 3056 433 3131; x_wconf 90' lang='lat' dir='ltr'>amplius</span> <span class='ocrx_word' id='word_1_285' title='bbox 458 3051 559 3114; x_wconf 86' lang='lat' dir='ltr'>‘intro’</span> <span class='ocrx_word' id='word_1_286' title='bbox 585 3059 615 3114; x_wconf 91' lang='lat' dir='ltr'>et</span> <span class='ocrx_word' id='word_1_287' title='bbox 640 3051 742 3114; x_wconf 79' lang='lat' dir='ltr'>‘intus’</span> <span class='ocrx_word' id='word_1_288' title='bbox 767 3057 826 3116; x_wconf 89' lang='lat' dir='ltr'>loci</span> <span class='ocrx_word' id='word_1_289' title='bbox 849 3055 998 3128; x_wconf 84' lang='lat' dir='ltr'>adverbia,</span> <span class='ocrx_word' id='word_1_290' title='bbox 1023 3049 1080 3112; x_wconf 84' lang='lat' dir='ltr'>‘eo&#39;</span> 
     </span>
     <span class='ocr_line' id='line_1_34' title="bbox 60 3137 1176 3206; baseline -0.003 -3"><span class='ocrx_word' id='word_1_291' title='bbox 60 3147 165 3203; x_wconf 86' lang='lat' dir='ltr'>tamen</span> <span class='ocrx_word' id='word_1_292' title='bbox 194 3140 297 3204; x_wconf 79' lang='lat' dir='ltr'>‘intus’</span> <span class='ocrx_word' id='word_1_293' title='bbox 327 3149 357 3204; x_wconf 91' lang='lat' dir='ltr'>et</span> <span class='ocrx_word' id='word_1_294' title='bbox 386 3141 476 3203; x_wconf 82' lang='lat' dir='ltr'>‘intro</span> <span class='ocrx_word' id='word_1_295' title='bbox 505 3141 582 3204; x_wconf 91' lang='lat' dir='ltr'>sum’</span> <span class='ocrx_word' id='word_1_296' title='bbox 612 3145 778 3206; x_wconf 90' lang='lat' dir='ltr'>soloecismi</span> <span class='ocrx_word' id='word_1_297' title='bbox 806 3145 882 3203; x_wconf 92' lang='lat' dir='ltr'>sunt.</span> <span class='ocrx_word' id='word_1_298' title='bbox 925 3144 1028 3202; x_wconf 89' lang='lat' dir='ltr'>eadem</span> <span class='ocrx_word' id='word_1_299' title='bbox 1050 3144 1081 3202; x_wconf 87' lang='lat' dir='ltr'>in</span> <span class='ocrx_word' id='word_1_300' title='bbox 1096 3139 1132 3194; x_wconf 76' lang='lat' dir='ltr'>bl</span> <span class='ocrx_word' id='word_1_301' title='bbox 1172 3137 1176 3144; x_wconf 79' lang='grc'><strong>’</strong></span> 
     </span>
    </p>
   </div>
   <div class='ocr_carea' id='block_1_3' title="bbox 136 3331 593 3399">
    <p class='ocr_par' dir='ltr' id='par_1_9' title="bbox 136 3331 593 3399">
     <span class='ocr_line' id='line_1_35' title="bbox 136 3331 593 3399; baseline 0 -13"><span class='ocrx_word' id='word_1_302' title='bbox 136 3339 152 3386; x_wconf 87' lang='lat'><strong>3</strong></span> <span class='ocrx_word' id='word_1_303' title='bbox 171 3331 228 3385; x_wconf 77' lang='lat' dir='ltr'>civ.</span> <span class='ocrx_word' id='word_1_304' title='bbox 251 3339 274 3399; x_wconf 92' lang='lat'>1,</span> <span class='ocrx_word' id='word_1_305' title='bbox 296 3339 328 3386; x_wconf 82' lang='grc'>11</span> <span class='ocrx_word' id='word_1_306' title='bbox 349 3365 382 3372; x_wconf 97' lang='grc'>-</span> <span class='ocrx_word' id='word_1_307' title='bbox 402 3339 417 3386; x_wconf 86' lang='grc'>1</span> <span class='ocrx_word' id='word_1_308' title='bbox 437 3350 459 3386; x_wconf 76' lang='lat' dir='ltr'>c.</span> <span class='ocrx_word' id='word_1_309' title='bbox 480 3339 523 3399; x_wconf 81' lang='lat'>47,</span> <span class='ocrx_word' id='word_1_310' title='bbox 544 3339 593 3387; x_wconf 81' lang='grc'>111</span> 
     </span>
    </p>
   </div>
   <div class='ocr_carea' id='block_1_4' title="bbox 136 3508 988 3655">
    <p class='ocr_par' dir='ltr' id='par_1_10' title="bbox 136 3508 988 3655">
     <span class='ocr_line' id='line_1_36' title="bbox 136 3508 988 3580; baseline -0.007 -14"><span class='ocrx_word' id='word_1_311' title='bbox 136 3519 152 3566; x_wconf 82' lang='lat'>2</span> <span class='ocrx_word' id='word_1_312' title='bbox 173 3526 344 3580; x_wconf 82' lang='lat' dir='ltr'>quamquam</span> <span class='ocrx_word' id='word_1_313' title='bbox 363 3512 392 3564; x_wconf 90' lang='lat' dir='ltr'>id</span> <span class='ocrx_word' id='word_1_314' title='bbox 411 3520 477 3566; x_wconf 81' lang='lat' dir='ltr'>BP:</span> <span class='ocrx_word' id='word_1_315' title='bbox 497 3509 574 3580; x_wconf 91' lang='lat' dir='ltr'>quod</span> <span class='ocrx_word' id='word_1_316' title='bbox 593 3519 616 3562; x_wconf 80' lang='grc' dir='ltr'><em>Α</em></span> <span class='ocrx_word' id='word_1_317' title='bbox 693 3515 729 3564; x_wconf 71' lang='lat' dir='ltr'>ib</span> <span class='ocrx_word' id='word_1_318' title='bbox 748 3508 945 3580; x_wconf 60' lang='lat' dir='ltr'>subiungebat</span> <span class='ocrx_word' id='word_1_319' title='bbox 964 3517 988 3559; x_wconf 71' lang='grc' dir='ltr'><strong>Α</strong></span> 
     </span>
     <span class='ocr_line' id='line_1_37' title="bbox 854 3599 890 3655; baseline 0 -26"><span class='ocrx_word' id='word_1_320' title='bbox 854 3599 890 3655; x_wconf 47' lang='lat'>3*</span> 
     </span>
    </p>
   </div>
   <div class='ocr_carea' id='block_1_5' title="bbox 0 0 1241 3854">
    <p class='ocr_par' dir='ltr' id='par_1_11' title="bbox 0 0 1241 3854">
     <span class='ocr_line' id='line_1_38' title="bbox 0 0 1241 3854; baseline 0 0"><span class='ocrx_word' id='word_1_321' title='bbox 0 0 1241 3854; x_wconf 95' lang='lat' dir='ltr'> </span> 
     </span>
    </p>
   </div>
  </div>
 </body>
</html>
