2460 3854
456 139 476 193 1
508 145 550 206 11,
569 144 683 194 11-11.
1033 140 1079 204 63
1201 224 1216 285 i

56 310 241 387 gnationem.
277 311 339 367 iam
361 309 492 384 primum
514 309 587 367 ordo
609 311 655 368 est
677 309 857 386 geometriae
879 311 1076 369 necessarius:
1091 309 1132 363 31
1187 300 1192 323 '

55 417 158 457 nonne
182 401 213 457 et
235 395 442 473 eloquentiae?
480 417 514 455 ex
541 398 691 473 prioribus
715 398 878 476 geometria
900 397 1009 473 probat
1030 401 1076 456 in-

57 489 216 563 sequentia
240 490 270 547 11
292 489 380 547 certis
403 487 533 546 incerta:
556 505 654 546 nonne
675 487 707 544 id
735 489 767 544 in
786 487 910 546 dicendo
928 472 1075 579 facimpis‘?

57 575 154 652 quid?
185 577 240 633 illa
266 578 488 651 propositarum
516 576 724 651 quaestionum
751 576 899 636 conclusio
927 595 986 634 non
1004 577 1076 663 ,fere

31 691 42 728 1
57 668 126 724 tota
145 668 264 724 constat
281 663 485 742 syllogismis?
502 668 626 740 propter
644 665 723 740 quod
741 666 842 741 plures
860 664 1008 725 inveniasi
1024 668 1079 741 qui

58 755 235 814 dialecticae
264 754 392 814 similem
422 773 512 829 quam
543 756 596 830 qui
624 754 789 813 rhetoricae
817 755 972 813 fateantur
1021 773 1076 814 ane

59 847 163 916 artem.
183 864 286 903 verum
305 847 336 902 et
353 846 463 918 orator,
482 846 601 902 etiamsi
618 863 696 917 raro,
714 847 893 902 nontamen
911 826 1075 1011 neuzulfflffl

59 932 200 1008 probabit
219 932 381 992 dialectice.
406 951 476 991 nam
490 937 521 991 et
535 932 727 1010 syllogismis,
746 933 772 991 si
785 951 831 991 111
845 936 956 1007 poscet,
995 936 1076 992 tetur
1090 942 1136 996 38

61 1025 90 1080 et
123 1025 204 1080 certe
236 1022 469 1097 enthymemate,
506 1025 558 1098 qui
593 1022 759 1080 rhetoricus
797 1024 843 1079 est
875 1006 1075 1111 syllofismus.

21 1135 46 1174 10
60 1112 188 1187 denique
220 1110 430 1187 probationum
463 1130 539 1186 quae
567 1113 637 1169 sunt
663 1110 887 1186 potentissimae
915 1134 951 1189 γρ
994 1109 1076 1187 praui

59 1198 225 1271 ἀποδείξεις
247 1200 339 1277 vulgo
362 1199 514 1259 dicuntur:
537 1200 609 1276 quid
632 1203 733 1258 autem
754 1202 850 1276 magis
869 1192 1076 1276 oratio'quam

58 1289 271 1364 probationem
293 1287 390 1364 petit?
418 1290 496 1348 falsa
519 1308 636 1365 quoque
659 1291 737 1347 veris
761 1289 873 1346 similia
895 1291 1076 1367 geometrica
1090 1298 1137 1352 39·

58 1381 178 1437 ratione
209 1377 372 1454 deprendit.
413 1378 449 1436 fit
477 1379 533 1437 hoe
563 1382 593 1436 et
622 1379 653 1435 in
683 1379 815 1436 numeris
842 1397 895 1453 per
923 1379 1076 1453 quasdam,

60 1486 135 1543 quas
158 1466 385 1545 ψευδογραφίας
407 1471 525 1540 vocant,
549 1468 656 1543 quibus
674 1470 762 1542 pueri
779 1467 882 1526 ludere
901 1468 1076 1526 solebamus,

24 1578 46 1615 11
60 1557 112 1616 sed
131 1557 194 1614 alia
212 1557 327 1614 maiora
346 1560 424 1615 suut.
448 1576 516 1615 nam
536 1558 604 1632 quis
622 1576 681 1614 non
700 1558 745 1614 ita
763 1559 944 1632 proponenti
962 1557 1076 1616 eredat:

61 1642 201 1721 ‘quorum
223 1645 357 1703 locorum
380 1648 529 1704 extremae
547 1646 645 1703 lineae
664 1646 787 1704 eandem
806 1664 975 1705 mensuram
994 1647 1076 1705 eolli-

60 1737 144 1813 gunt,
173 1753 277 1793 eorum
304 1735 434 1810 spatium
462 1753 589 1810 quoque,
618 1734 697 1810 quod
719 1734 757 1792 iis
790 1734 876 1793 lineis
899 1738 1076 1808 continetur,

59 1844 115 1900 par
144 1825 185 1882 sit
211 1841 328 1882 neccsse
355 1819 431 1882 est‘?’
470 1826 502 1881 at
528 1824 561 1881 id
587 1824 697 1882 falsum
725 1826 783 1881 est:
815 1843 884 1880 uam
912 1826 1076 1899 plurimum
1091 1832 1138 1886 lo

59 1915 162 1986 refert,
200 1915 282 1972 cuius
315 1914 355 1971 sit
386 1914 499 1972 formae
530 1913 582 1970 ille
615 1914 767 1986 circuitus,
799 1913 1026 1987 reprehensique
1060 1933 1078 1970 1

27 2025 47 2063 1
61 2001 222 2080 geometris
241 2004 312 2060 suut
329 2001 473 2076 historici,
492 2004 545 2077 qui
562 2001 799 2078 magnitudinem
817 2003 985 2059 insularum
1005 2003 1060 2059 111

60 2090 227 2169 significari
248 2092 450 2167 navigationis
475 2090 589 2150 ambitu
612 2091 809 2149 crediderrmt.
837 2109 907 2148 nam
930 2093 965 2148 ut
988 2110 1076 2166 quae·

60 2201 117 2257 que
142 2180 240 2238 forma
262 2180 488 2255 perfectissima,
511 2181 555 2238 ita
579 2180 773 2255 capacissima
797 2181 849 2236 est.
877 2179 1002 2253 ideoque
1024 2179 1129 2241 111141

59 2271 295 2329 circumcurrens
323 2269 412 2339 linea,
440 2272 466 2328 si
490 2269 599 2328 efficiet
622 2268 731 2341 orbem,
759 2287 836 2344 quae
858 2268 955 2326 forma
979 2271 1077 2326 estin

58 2360 161 2434 planis
193 2360 321 2417 maxime
352 2359 497 2433 perfecta,
530 2359 660 2434 amplius
693 2359 824 2433 spatium
856 2359 1077 2433 complectetur,

23 2469 43 2509 1
59 2468 154 2524 quam
177 2449 204 2506 si
227 2448 407 2522 quadratum
429 2447 552 2522 paribus
575 2450 635 2507 oris
659 2447 778 2522 efficiat,
805 2464 907 2505 rursus
931 2447 1078 2522 quadrata

57 2536 232 2613 triangulis,
259 2537 412 2614 triangula
439 2539 506 2612 ipsa
533 2538 600 2612 plus
624 2538 728 2611 aequis
752 2536 896 2595 lateribus
921 2555 1010 2611 quam
1033 2538 1076 2593 in-

59 2625 247 2703 aequalibus,
280 2625 331 2684 sed
360 2626 421 2684 alia
448 2626 574 2684 forsitan
602 2626 786 2685 obscuriora:
818 2644 872 2684 nos
899 2625 1078 2684 facillimum
1092 2632 1133 2687 42

58 2717 154 2776 etiam
177 2716 325 2789 imperitis
349 2733 509 2790 sequamur
527 2717 769 2789 experimentum.
793 2716 891 2792 iugeri
908 2733 1077 2773 mensuram

58 2805 206 2863 ducentos
226 2806 256 2862 et
274 2804 474 2881 quadraginta
491 2803 688 2880 longitudinis
706 2803 795 2879 pedes
814 2823 877 2862 esse
895 2803 1078 2879 dimidioque

16 2916 43 2956 11
58 2897 91 2952 in
116 2893 311 2952 latitudinem
333 2895 444 2969 patere,
468 2913 527 2951 non
550 2894 612 2950 fere
637 2895 795 2968 quisquam
819 2896 863 2952 est
882 2895 935 2968 qui
952 2895 1078 2970 ignoret,

59 2987 92 3042 et
120 2983 171 3058 qui
202 2984 241 3040 sit
269 2982 411 3041 circuitus
440 2983 470 3040 et
493 2985 639 3057 quantum
661 2984 760 3058 campi
783 2982 912 3053 claudat,
939 2981 1077 3058 colligere

60 3072 242 3147 expeditum.
284 3074 316 3130 11
349 3073 465 3130 centeni
494 3074 525 3130 et
554 3073 692 3149 octogeni
719 3073 752 3129 111
783 3091 931 3147 quamque
961 3073 1078 3146 partem
1093 3078 1140 3132 42⁰>

59 3161 152 3238 pedes
171 3160 251 3219 idem
270 3162 401 3235 spatium
420 3163 627 3234 extremitatis,
647 3161 698 3219 sed
715 3161 811 3218 multo
832 3159 960 3234 amplius
979 3159 1078 3218 clusae

136 3314 299 3367 1111111111
336 3312 489 3382 3id]idem
498 3314 585 3367 Halm
622 3312 842 3381 8ayllogismoA
881 3316 914 3363 10
924 3311 1078 3380 γραμμικαὶ

60 3387 182 3457 Regius:
200 3384 354 3454 grammioe
374 3385 456 3439 Valla
470 3385 502 3436 ia
515 3393 543 3436 P
554 3384 757 3453 grammaticae
772 3391 823 3434 AB
859 3388 891 3435 12
907 3382 1079 3450 geometrica

61 3455 342 3525 01111311111111
415 3460 448 3508 18
467 3453 621 3523 plurimum
639 3453 820 3522 1111111111
840 3462 893 3505 BP
963 3457 997 3505 20
1016 3453 1081 3520 quil

60 3529 130 3600 quia
149 3536 178 3581 B
258 3532 291 3579 27
311 3525 381 3597 alia]
400 3524 471 3579 talia
491 3524 580 3580 Halm
