2460 3854
122 135 188 201 318
423 133 652 200 QVINTEIANI
667 133 761 189 tusc.
782 87 849 190 ORT

122 308 283 382 utrumque
305 304 417 364 habent
438 304 638 382 perorationis
655 322 765 382 genua,
789 307 820 363 et
837 303 923 379 illud,
947 303 1031 380 quod
1050 307 1098 364 est
1112 322 1146 364 ex

123 396 346 454 enumeratione
369 394 590 470 probationum,
614 396 651 452 vet
677 392 747 468 hoc,
780 393 860 468 quod
882 412 918 452 ex
932 393 1088 467 lacrimis,
1120 395 1145 452 si

122 487 177 544 aut
200 486 281 544 statu
304 484 470 558 periclitari
501 486 554 541 aut
582 482 721 558 opinione
748 482 887 560 litigator
914 483 1045 546 videtin.
1074 491 1143 543 nam

121 573 153 632 in
175 575 278 650 parnis
302 573 422 648 quidem
445 573 550 631 litibus
574 572 628 631 has
651 570 824 650 tragoedias
842 590 966 631 movere
999 572 1064 630 tale
1092 575 1141 648 est,

123 662 208 738 quasi
229 663 437 737 sipersonam
464 661 603 720 Herculis
635 663 666 719 et
693 661 853 720 cothurnos
881 664 988 736 aptare
1017 661 1164 725 infant-s

121 751 176 810 bus
199 752 282 810 velis.
542 796 544 799 .

69 840 106 896 87
189 841 235 898 Ne
258 840 334 899 illud
358 840 478 915 quidem
500 839 658 915 indignum
681 841 727 899 est
750 837 965 914 admonitione,
989 841 1134 916 ingensin

122 929 248 1006 epilogis
271 948 336 988 meo
359 928 471 989 iudicio
495 931 573 989 verti
596 928 763 1001 discrimen,
787 946 846 1003 quo
869 928 959 987 modo
979 947 1012 987 se
1032 928 1133 989 dicenti

123 1021 176 1094 qui
198 1020 346 1078 excitatur
372 1017 583 1076 accommodet.
611 1035 682 1075 nam
705 1020 734 1075 et
753 1017 899 1091 inperitia
929 1021 961 1077 et
983 1019 1130 1078 rusticitas

123 1111 153 1167 et
174 1109 258 1186 rigor
280 1111 310 1166 et
332 1107 506 1166 deformitas
530 1106 671 1165 adferunt
694 1107 813 1164 interim
838 1107 943 1183 frigus,
967 1107 1164 1184 diligenter-1·

69 1195 107 1251 88
122 1215 180 1272 que
213 1199 283 1255 sunt
313 1196 386 1255 haec
419 1197 513 1255 actori
544 1194 737 1271 providenda.
775 1194 913 1270 equidem
945 1197 1129 1274 repugnantis

123 1289 249 1361 patrono
270 1288 300 1344 et
317 1285 395 1344 nihil
412 1286 500 1344 vultu
518 1286 682 1344 commotos
701 1287 732 1343 et
749 1285 960 1360 intempestive
979 1286 1128 1344 renidentis

123 1377 154 1434 et
176 1375 256 1434 facto
281 1375 384 1449 aliquo
407 1375 456 1434 vel
478 1376 543 1450 ipso
563 1374 649 1432 vultu
671 1375 765 1433 risum
779 1373 871 1431 etiam
885 1376 1036 1435 moventis
1054 1391 1127 1450 saepe

123 1463 194 1539 vidi,
224 1464 384 1540 praecipue
412 1482 493 1537 vero,
530 1482 596 1522 cum
635 1462 738 1539 aliqua
774 1463 858 1522 velut
890 1465 1026 1522 scaenica
1057 1463 1125 1522 fiunt

70 1552 108 1607 89
123 1554 280 1613 transtulit
312 1552 474 1628 aliquando
506 1555 650 1628 patronus
683 1552 824 1628 puellam,
854 1571 932 1628 quae
965 1572 1050 1613 soror
1076 1567 1155 1612 assu

124 1641 289 1702 adversarii
322 1641 476 1702 dicebatur
500 1643 580 1716 (nam
612 1641 736 1700 dehoc
758 1641 797 1701 lis
830 1633 921 1722 erat),
950 1644 984 1700 in
1017 1643 1124 1702 adversa

124 1731 274 1805 subsellia,
304 1735 460 1806 tamquam
482 1732 515 1790 in
538 1732 651 1808 gremio
674 1731 777 1789 framis
807 1731 982 1806 relicturus,
1010 1735 1043 1791 at
1067 1732 1123 1790 isa

123 1821 209 1880 nobis
233 1822 436 1896 praemonitus
457 1821 643 1879 discesserat.
666 1823 733 1877 tum
755 1821 817 1893 ille,
841 1821 957 1896 alioqui
975 1823 1024 1881 vir
1039 1822 1122 1879 facun-

123 1909 187 1984 dus,
210 1910 384 1986 inopinatae
407 1910 452 1967 rei
474 1929 545 1969 casu
568 1909 720 1968 obmutuit
744 1912 773 1968 et
790 1910 939 1969 infantem
958 1930 1044 1970 suam
1056 1907 1122 1984 frigi·

70 1996 109 2052 lo
123 1999 244 2058 dissime
266 2000 442 2074 reportavit
465 2000 542 2058 alius
564 1998 725 2076 imaginem
748 2000 852 2058 mariti
869 2019 925 2074 pro
943 2019 997 2060 rea
1010 1999 1149 2077 proferres

123 2091 227 2166 magni
249 2089 378 2163 putavit,
402 2091 434 2147 at
457 2108 491 2147 ea
514 2088 608 2146 risum
631 2089 748 2162 saepius
772 2088 851 2147 fecit.
875 2090 1045 2164 namatii,
1067 2103 1121 2164 qno·

123 2198 191 2237 rum
210 2178 302 2237 officii
321 2181 387 2236 erat
400 2180 435 2236 ut
448 2177 601 2236 traderent
616 2194 691 2250 eam,
704 2177 813 2257 ignari,
832 2179 887 2252 qui
905 2183 984 2238 esset
997 2179 1121 2254 epilogus,

124 2269 263 2343 quotiens
286 2269 463 2343 respexisset
480 2269 634 2342 patronus,
657 2266 822 2326 offerebant
839 2268 950 2343 palam,
975 2272 1007 2328 et
1022 2265 1121 2344 prolate

124 2358 285 2416 novissime
308 2356 499 2415 deformitate
521 2355 589 2430 ipsa
612 2349 696 2435 (nam
719 2357 798 2415 senis
824 2356 964 2416 cadaveri
987 2376 1054 2418 cera
1073 2353 1121 2414 erat

126 2440 240 2528 infusa)
277 2447 473 2521 praeteritam
509 2463 627 2520 quoque
658 2446 802 2503 orationis
835 2448 968 2523 gratiam
1003 2441 1146 2524 pardiditn

72 2531 109 2588 41
126 2554 180 2595 nec
202 2537 348 2613 ignotum,
372 2534 444 2610 quid
467 2532 602 2610 Glyconi,
631 2536 680 2593 cui
703 2533 856 2610 Spiridion
881 2536 942 2595 fuit
970 2549 1120 2614 cognomen,

126 2626 275 2684 acciderit.
298 2625 367 2683 huic
390 2643 473 2700 puer,
497 2624 634 2699 quomis
657 2623 836 2699 productum
855 2624 929 2701 quid
947 2625 1034 2685 fieret
1048 2624 1120 2684 inter

124 2715 261 2791 rogabat,
285 2734 303 2773 a
325 2713 501 2791 paedagogo
525 2732 556 2772 se
579 2713 714 2772 vellicari
736 2713 899 2789 respondit
923 2715 976 2774 sed
998 2709 1121 2774 nihilillt

125 2806 204 2862 circa
241 2802 401 2879 Caepasios
435 2801 585 2861 Ciceronis
620 2802 723 2861 fabula
756 2802 907 2862 efficacius
939 2805 979 2863 ad
1009 2797 1121 2881 pericula

123 2907 337 2914 **.—-

196 2941 229 2990 29
249 2955 275 3006 p.
296 2936 424 2992 Cluentio
444 2942 478 2991 20
497 2954 551 3005 sqq

197 3067 211 3114 7
231 3060 303 3114 illud
322 3079 357 3115 ne
377 3064 456 3117 latri:
474 3079 536 3116 coer
554 3061 692 3133 Spaldinp
765 3068 797 3115 11
818 3063 952 3132 equidem
970 3074 1008 3118 P:
1031 3065 1059 3123 et
1073 3055 1121 3130 qui·

125 3133 189 3187 dem
203 3142 303 3186 aoffl
319 3134 434 3201 quidem
448 3153 464 3186 e
480 3152 495 3186 e
510 3143 533 3185 A
590 3138 622 3186 12
641 3133 803 3187 renidentes
817 3135 971 3218 Spaldinq:
988 3132 1122 3190 residentes

124 3205 183 3275 (tis
201 3207 235 3273 A)
254 3215 354 3258 acm
364 3205 489 3258 ridentes
504 3215 531 3257 Ρ
603 3211 636 3257 14
652 3211 715 3273 post
728 3205 800 3259 fiunt
814 3207 895 3260 latri:
911 3206 971 3261 alra
984 3206 1076 3276 (aliam
1086 3208 1122 3254 1⁶

123 3277 196 3331 alias
216 3275 263 3344 1²¹)
283 3277 389 3331 cadunt
406 3279 418 3330 i
436 3294 449 3330 e
467 3278 557 3346 plesse
572 3275 607 3329 al'
624 3277 730 3330 cadunt
743 3279 880 3346 expunxit
889 3279 1004 3349 Ropisa,
1021 3279 1065 3334 sed
1076 3288 1122 3352 cus!

124 3350 243 3403 Bectero
261 3350 370 3404 combis
387 3350 496 3403 carim
515 3349 655 3403 lectionem
674 3348 780 3402 cadunt
789 3366 843 3418 pro
858 3349 930 3404 fiunt
1003 3356 1036 3404 22
1054 3343 1122 3404 offici

120 3429 160 3474 P:
180 3418 274 3474 officio
295 3429 399 3474 nom
468 3425 502 3472 24
521 3419 596 3474 senis
615 3419 746 3473 cadaveri
765 3436 830 3474 cera
848 3424 912 3476 erat
928 3420 1026 3476 infima
1041 3418 1125 3477 Hos:

119 3493 191 3548 renis
211 3492 324 3600 caduca
344 3496 435 3567 (cum
446 3496 478 3565 ἢ
492 3491 690 3547 r'eriinlusaa
700 3493 881 3561 &iamlam
891 3488 1124 3549 oenscadarerin·

127 3581 203 3624 llum
226 3577 259 3622 P
