2460 3854
409 133 442 192 .1.
462 131 690 200 PROOEMIUM,
710 132 808 205 s-163
1101 133 1123 200 5

103 300 285 376 quibusdam
313 321 389 376 quae
417 303 663 379 philosophorum
685 304 770 362 libris
794 271 1002 378 contuentur*
1021 305 1122 362 tamen

103 408 139 447 ea
161 392 227 448 iure
250 409 377 466 vereque
401 391 604 451 contenderim
627 411 691 453 esse
714 393 812 468 operis
831 393 926 451 nostri
943 394 1122 468 proprieque

103 478 143 537 ad
173 482 270 537 artem
301 481 463 539 oratoriam
493 481 651 557 pertinere.
684 474 788 629 ani?
816 481 1058 556 frequentissime
1086 481 1121 540 de
1137 481 1175 537 12

101 567 231 642 iustitia,
258 567 445 639 fortitudine,
472 572 674 646 temperantia
701 590 733 629 ce
764 571 864 645 risque
892 569 1039 629 similibus
1063 569 1121 633 dis·

75 657 263 716 eserendum
294 676 323 716 ea
359 642 450 822 gades
468 662 514 718 *ut
536 660 586 719 vix
614 660 678 718 ulla
699 660 795 735 possit
818 677 908 718 eausa
929 639 1073 759 reperiri)
1090 659 1122 738 in

103 765 195 821 quam
225 765 285 805 non
349 749 354 760 ’
379 760 434 806 ua'
450 768 485 805 ex
514 748 560 808 his
589 749 703 808 incidat
730 748 874 824 quaestio,
904 767 999 823 eaque
1022 747 1123 808 omnia

100 835 275 895 inventione
303 839 394 910 atque
424 837 592 896 elocutione
619 841 692 898 sunt
713 836 898 912 explicanda,
926 836 1123 909 dubitabitur,

100 925 284 1000 ubicumque
316 925 361 984 vis
393 925 508 1001 ingenii
540 930 570 985 et
602 926 688 1162 Ξὶε
720 925 835 986 dicendi
868 925 1048 1001 postulatur,
1080 925 1123 983 ibi

102 1017 205 1089 partes
224 1014 351 1073 oratoris
371 1033 434 1073 esre
452 1014 628 1091 praecipuas
671 1016 853 1090 fueruntque
872 1015 953 1089 haee,
972 1017 1006 1072 ut
1021 1013 1123 1074 Cicero
1138 1014 1175 1070 18

59 1123 87 1162 ro
103 1103 292 1178 apertissime
330 1103 455 1182 colligit,
495 1123 604 1179 quema
655 1104 744 1164 edum
782 1103 886 1162 iuncta
923 1106 1040 1178 natura,
1080 1103 1123 1164 sic

102 1191 202 1250 officio
240 1211 357 1267 quoque
390 1194 541 1269 copulata,
578 1196 613 1252 ut
645 1193 724 1252 idem
756 1194 907 1270 sapientes
939 1196 1030 1269 atque
1063 1193 1122 1251 elo-

103 1285 229 1355 quentes
248 1281 436 1342 haberentur.
460 1281 548 1341 scidit
566 1282 671 1341 deinde
690 1301 721 1341 re
740 1282 881 1357 studium,
906 1285 995 1358 atque
1013 1281 1123 1340 inertia

102 1370 217 1429 factum
236 1374 282 1429 est
299 1373 335 1429 ut
352 1374 432 1430 artes
451 1388 514 1431 esse
533 1371 633 1447 plures
651 1371 830 1430 viderentur.
854 1390 925 1430 nam
943 1375 978 1430 ut
991 1370 1123 1446 primum

101 1459 209 1536 lingua
241 1477 304 1518 esse
335 1459 434 1535 coepit
462 1460 494 1518 in
526 1465 652 1536 quaestu
674 1462 910 1537 institutumque
934 1460 1122 1536 eloquentiae

58 1546 189 1607 15b011is
212 1549 291 1606 male
314 1551 368 1624 uti,
392 1569 495 1608 euram
517 1569 634 1608 morum
653 1549 706 1625 qui
725 1549 829 1609 diserti
847 1549 1035 1614 habebantur
1053 1549 1120 1607 reli·

102 1639 244 1711 querunt:
282 1657 316 1695 ea
352 1658 423 1698 vero
455 1638 601 1698 destituta
632 1638 844 1698 infirmioribus
876 1638 1004 1716 ingeniis
1037 1639 1122 1698 velut
1136 1635 1173 1692 14

100 1724 230 1800 praedae
252 1727 320 1785 fuit.
349 1727 418 1786 inde
442 1727 564 1804 quidam
588 1731 758 1803 contempto
782 1729 855 1787 bene
879 1727 996 1787 dicendi
1018 1727 1121 1787 labore

102 1814 141 1873 ad
171 1815 341 1874 formandos
372 1816 488 1876 animos
517 1817 752 1893 statuendasque
778 1817 859 1878 vitae
886 1817 967 1895 leges
993 1816 1121 1894 regressi

100 1906 219 1978 partem
252 1905 373 1980 quidem
405 1905 561 1982 potiorem,
593 1907 619 1966 si
652 1906 747 1965 dividi
779 1908 888 1983 posset,
921 1905 1121 1980 retinuerunt,

58 2013 86 2052 so
100 2011 210 2053 nomen
237 1995 339 2052 tamen
367 1994 425 2053 sibi
452 1995 717 2054 insolentissimum
745 1995 973 2073 adrogaverunt,
1001 1997 1037 2053 ut
1064 1993 1121 2053 soli

100 2081 230 2142 studiosi
253 2085 419 2159 sapientiae
441 2088 629 2144 vocarentur.
652 2084 733 2161 quod
751 2104 847 2161 neque
866 2085 975 2143 summi
992 2085 1120 2158 impera-

100 2175 182 2230 tores
210 2191 307 2247 neque
335 2173 367 2230 in
396 2173 526 2232 consiliis
549 2193 649 2233 rerum
671 2173 868 2232 maximarum
893 2191 928 2231 ac
950 2173 1045 2232 totius
1069 2171 1120 2230 ad·

99 2261 323 2321 ministratione
345 2264 391 2321 rei
413 2262 550 2338 publicae
575 2263 738 2323 clarissime
761 2263 873 2322 versati
896 2261 952 2321 sibi
977 2279 1120 2337 umquam

99 2349 253 2409 vindicare
276 2354 349 2410 sunt
371 2351 453 2410 ausi:
476 2352 573 2411 facere
597 2352 677 2411 enim
700 2353 814 2428 optima
838 2371 927 2427 quam
946 2350 1120 2427 promittere

59 2458 85 2497 rs
99 2439 280 2498 maluerunt.
318 2459 352 2498 ac
388 2443 524 2500 veterum
561 2441 681 2516 quidem
717 2441 882 2517 sapientiae
919 2441 1119 2517 professorum
1135 2437 1171 2493 lo

98 2528 213 2587 multos
241 2530 272 2587 et
298 2529 424 2589 honesta
451 2531 637 2607 praecepisse
661 2532 700 2605 et,
727 2533 762 2588 ut
784 2530 999 2606 praeceperint,
1029 2530 1120 2589 etiam

98 2619 210 2676 vixisse
244 2618 333 2677 facile
367 2621 575 2680 concesserim:
609 2622 719 2680 nostris
749 2638 819 2679 vero
849 2619 1035 2696 temporibus
1065 2618 1119 2677 sub

98 2706 155 2764 hoc
188 2709 307 2766 nomine
340 2710 472 2766 maxima
503 2711 536 2767 in
567 2709 717 2785 plerisque
749 2710 825 2768 vitia
857 2709 1018 2768 latuerunt.
1059 2726 1120 2766 non

99 2797 181 2853 enim
208 2797 321 2855 virtute
351 2816 386 2856 ae
414 2797 521 2858 studiis
544 2801 579 2856 ut
601 2797 782 2859 haberentur
804 2796 976 2874 philosophi
1002 2796 1119 2855 labora-

59 2904 85 2943 so
100 2884 183 2958 bant,
212 2885 264 2943 sed
292 2885 410 2945 vultum
438 2889 468 2945 et
490 2889 647 2946 tristitiam
672 2890 703 2946 et
725 2887 947 2948 dissentientem
972 2904 990 2944 a
1013 2886 1119 2944 ceteris

98 2973 236 3032 habitum
255 2977 392 3050 pessimis
411 2976 543 3037 moribus
561 2976 804 3053 praetendebant.
830 2976 904 3035 haee
922 2975 1021 3035 autem
1042 2993 1119 3050 quae
1134 2973 1174 3028 lo

97 3063 183 3121 velut
212 3063 335 3139 propria
364 3065 571 3141 philosophiae
599 3067 785 3140 adseruntur,
815 3067 927 3142 passim
953 3065 1118 3123 tractamus

98 3169 210 3211 omnes.
249 3153 316 3226 quis
346 3155 426 3213 enim
455 3173 515 3214 non
545 3156 581 3214 de
611 3158 700 3230 iusto,
731 3174 826 3231 aequo
856 3173 890 3212 ae
913 3153 1001 3227 bono,
1030 3151 1118 3212 modo
1162 3223 1163 3227 Ἰ

96 3259 158 3300 non
182 3243 213 3299 et
235 3242 283 3301 vir
304 3244 460 3319 pessimus,
482 3244 637 3321 loquitur?
661 3247 728 3320 quis
751 3265 810 3304 non
830 3245 920 3302 etiam
939 3243 1121 3301 rusticorum

115 3357 118 3361 -
171 3399 187 3448 9
208 3394 252 3448 De
274 3357 349 3450 orat.
365 3395 422 3448 ΠΙ
435 3401 470 3450 15
489 3414 520 3466 sq

170 3524 205 3572 33
222 3520 307 3573 medo
324 3537 381 3574 non
401 3522 430 3575 et
449 3521 466 3576 r‘.
487 3538 508 3576 e.
527 3519 616 3590 μόνον
637 3519 700 3596 οὐχὶ
720 3517 770 3578 καὶ
