2460 3854
161 145 206 210 20
465 142 694 210 QVINTILIANI
711 141 802 197 uisu.
823 143 879 198 ΟΒ.

130 316 148 373 8
229 313 336 374 Danda
360 314 527 373 esttamen
552 312 688 372 omnibus
709 313 812 388 aliqua
829 314 974 388 remissio,
996 332 1058 373 non
1076 313 1184 388 solum,

163 403 235 481 quia
252 404 337 461 nulla
354 421 402 461 res
421 404 475 477 est,
495 420 572 478 quae
590 402 720 477 perferre
738 404 833 477 possit
852 404 1026 462 continuum
1039 402 1184 477 laborem,

161 497 254 568 atque
277 512 312 551 ea
336 511 464 568 quoque,
488 509 565 567 quae
588 509 676 550 sensu
700 493 729 549 et
753 491 854 551 anima
877 495 988 566 carent,
1011 494 1046 549 ut
1064 510 1184 551 servare

162 583 225 641 vim
252 600 337 640 suam
364 582 489 655 possint,
516 582 599 639 velut
628 582 727 656 quiete
755 581 871 640 alterna
898 581 1105 654 retenduntur,
1133 580 1184 640 sed

163 671 241 747 quod
273 671 406 730 studium
435 670 567 730 discendi
598 670 760 744 voluntate,
791 689 868 746 quae
899 671 966 748 cogi
993 690 1053 730 non
1075 673 1211 745 potesta

130 762 289 820 boonstat.
329 761 434 835 itaque
466 762 497 818 et
528 758 638 818 virium
669 758 737 834 plus
770 759 910 818 adferunt
940 759 979 818 ad
1009 759 1184 818 discendum

163 849 299 909 renovati
323 868 357 908 ac
379 846 512 908 recentes
536 850 565 906 et
589 849 733 907 acriorem
755 850 897 923 animum,
925 850 977 925 qui
1000 849 1061 906 fere
1085 867 1183 908 neces-

111 942 149 996 10
163 938 304 998 sitatibus
327 940 483 1016 repugnat.
511 954 565 996 nee
587 957 635 996 me
659 937 815 996 offenderit
836 938 919 997 lusus
942 939 975 995 in
997 937 1100 1013 pueris
1126 929 1185 1018 (est

164 1031 195 1087 et
216 1029 273 1087 hoc
296 1029 414 1104 signum
438 1018 628 1108 alacritatis),
651 1045 747 1101 neque
769 1027 856 1085 illurn
874 1029 992 1087 tristem
1010 1046 1184 1102 semperque

164 1118 327 1178 demissum
349 1135 469 1192 sperare
492 1117 604 1191 possim
627 1118 742 1175 erectae
766 1116 845 1176 circa
867 1116 967 1175 studia
984 1117 1095 1175 mentis
1114 1117 1213 1191 sorau

165 1226 231 1267 oum
254 1208 287 1264 in
309 1206 366 1265 hoc
385 1225 503 1281 quoque
522 1206 651 1264 maxime
669 1207 802 1263 naturali
821 1205 970 1264 aetatibus
988 1206 1050 1265 illis
1069 1205 1186 1280 impetu

113 1299 149 1353 11
164 1297 269 1355 iaceat.
292 1295 397 1354 modus
420 1299 522 1354 tamen
544 1296 584 1354 sit
606 1295 839 1369 remissionibus,
863 1315 900 1354 ne
923 1298 976 1355 aut
1000 1295 1102 1353 odium
1126 1297 1186 1354 stu·

166 1385 284 1444 diorum
314 1385 428 1444 faciant
459 1387 587 1462 negatae
619 1386 672 1442 aut
704 1385 758 1442 otii
791 1384 1035 1457 consuetudinem
1066 1383 1185 1443 nimiae.

166 1479 237 1535 sunt
265 1474 355 1533 etiam
382 1473 519 1532 nonnulli
547 1473 687 1532 acuendis
714 1493 876 1548 puerorum
902 1473 1031 1552 ingeniis
1057 1492 1120 1532 non
1142 1475 1186 1533 in·

165 1563 257 1623 utiles
284 1563 375 1637 lusus,
406 1582 473 1622 cum
500 1562 607 1637 positis
633 1564 763 1621 invicem
791 1564 933 1639 cuiusque
957 1563 1073 1640 generis
1098 1579 1214 1639 quae-u

114 1655 152 1710 12
168 1653 326 1712 stiunculis
356 1652 552 1712 aemulantur.
594 1671 691 1712 mores
719 1671 837 1728 quoque
865 1671 896 1711 se
923 1653 1003 1711 inter
1025 1651 1187 1711 ludendum

168 1743 333 1816 simplicius
361 1742 517 1818 detegunt,
549 1741 638 1800 modo
665 1741 749 1800 nulla
775 1741 914 1801 videatur
940 1744 1024 1800 aetas
1051 1745 1118 1800 tam
1145 1742 1186 1800 in·

168 1834 269 1905 firma,
304 1841 383 1907 'quae
419 1850 479 1889 non
511 1831 647 1904 protinus
680 1830 752 1906 quid
783 1832 898 1890 rectum
929 1850 1118 1906 pravumque
1144 1831 1188 1892 ,sit

168 1921 273 1995 discat,
312 1923 379 1980 tum
401 1921 450 1979 vel
471 1921 600 1978 maxime
622 1920 788 1994 formanda,
812 1939 880 1979 oum
902 1920 1065 1979 simulandi
1087 1922 1188 1979 nescia

85 2040 87 2045 ν
169 2013 214 2070 est
237 2014 267 2069 et
289 2008 541 2086 praecipientibus
563 2009 707 2068 facillime
731 2009 822 2068 cedit:
851 2010 972 2087 frangas
996 2010 1076 2068 enim
1099 2009 1216 2069 citiusne

116 2104 154 2160 1a
170 2119 261 2177 quam
279 2101 411 2177 corrigas
430 2117 507 2175 quae
525 2099 557 2157 in
575 2118 702 2174 pravum
720 2098 925 2157 induruerunt.
951 2098 1089 2174 protinus
1110 2118 1188 2176 ergo,

169 2209 206 2248 ne
240 2188 314 2265 quid
347 2188 470 2262 cupide,
502 2208 539 2247 ne
572 2188 645 2264 quid
673 2187 814 2263 inprobe,
846 2207 884 2246 ne
915 2188 988 2264 quid
1017 2189 1189 2263 inpotenter

168 2279 269 2354 faeiat,
291 2277 455 2337 monendus
479 2279 524 2336 est
545 2297 628 2353 puer,
651 2277 880 2353 habendumque
902 2276 934 2335 in
953 2278 1054 2336 animo
1073 2295 1189 2356 semper

170 2369 246 2426 illud
263 2367 487 2444 Vergilianum:

327 2457 400 2515 adeo
423 2457 455 2514 in
477 2457 587 2514 teneris
611 2474 800 2515 consuescere
824 2456 954 2514 multum
973 2457 1026 2515 est.
1200 2471 1217 2515 u

118 2549 157 2610 14
239 2545 331 2604 Caedi
360 2565 430 2605 vero
461 2545 616 2619 discentis,
648 2545 815 2621 quamlibet
847 2547 878 2604 et
906 2546 1060 2620 receptum
1090 2547 1135 2606 sit
1163 2547 1192 2606 et

173 2635 355 2712 Chrysippus
377 2655 438 2694 non
459 2634 606 2709 inprobet,
629 2636 751 2693 minime
774 2634 874 2708 velim,
897 2634 1027 2709 primum
1051 2635 1127 2710 quia
1144 2635 1190 2694 de·

171 2727 264 2784 forme
289 2728 380 2800 etque
400 2724 507 2783 servile
527 2727 572 2782 est
591 2726 620 2782 et
639 2725 717 2781 certe
737 2716 832 2804 (quod
846 2725 993 2798 convenit,
1017 2725 1044 2783 si
1061 2728 1192 2785 aetatem

171 2806 283 2893 mutes)
306 2815 430 2871 iniuria:
461 2812 566 2872 deinde
591 2813 678 2888 quod,
702 2815 729 2871 si
752 2814 801 2870 cui
822 2816 887 2872 tem
910 2816 961 2872 est¹
978 2831 1061 2872 mens
1085 2814 1192 2874 inlibe-

172 2904 253 2978 ralis,
280 2905 316 2961 ut
339 2903 546 2980 obiurgatione
567 2921 628 2961 non
651 2902 826 2980 corrigatur,
853 2903 880 2962 is
908 2903 1000 2962 etiam
1023 2903 1062 2961 ad
1085 2904 1221 2982 plagato

172 2996 208 3052 ut
235 2993 364 3068 pessima
392 3010 528 3068 quaeque
556 2992 707 3067 mancipia
735 2991 904 3051 durabitur:
937 2994 1088 3067 postremo
1115 2993 1194 3070 quod

172 3101 210 3142 ne
238 3100 311 3156 opus
340 3082 397 3140 erit
425 3080 544 3156 quidem
567 3081 624 3140 hac
647 3083 852 3159 castigatione,
880 3083 907 3140 si
930 3081 1074 3142 adsiduus
1099 3083 1193 3143 studi·

246 3241 280 3288 24
299 3234 397 3304 Georg.
414 3239 438 3300 2,
459 3238 509 3287 272
584 3238 617 3287 27
637 3232 690 3305 frg.
711 3238 761 3288 ‘136

248 3403 260 3448 1
286 3395 381 3448 danda
400 3398 443 3449 est
462 3397 558 3448 autem
575 3405 599 3447 A
645 3394 774 3448 omnibus
793 3412 836 3450 om
853 3396 890 3448 ΑΙ
977 3399 1011 3448 26
1035 3395 1196 3464 quamlibet

168 3468 201 3519 id
222 3477 256 3520 B
278 3483 450 3536 quamquam
477 3465 549 3520 illud
573 3476 600 3520 P
623 3466 780 3535 quamlibet
803 3468 905 3536 Zurupt
977 3471 1011 3520 29
1031 3465 1142 3523 iniuria
1160 3478 1195 3524 1³:

155 3536 285 3592 iniuriae
304 3549 360 3593 AB
395 3540 503 3595 iniuria
523 3542 569 3596 est
588 3540 677 3597 Helm
