2460 3854
469 112 515 166 nr.
536 117 560 180 1,
580 118 676 167 3-13.
1020 112 1081 177 161

10 298 14 313 ¹
84 282 219 360 roburque
241 283 451 358 prosequimur
473 281 584 340 honore
614 281 786 356 uerborum,
815 285 851 341 ut
877 281 1025 341 Homerus
1052 283 1085 339 in

81 372 293 451 Agamemnone
325 373 415 446 atque
438 369 564 444 Achille,
595 371 715 429 interim
749 371 864 429 confert
893 371 1086 430 admirationi

10 477 12 484 “
79 462 198 520 multum
222 461 314 519 etiam
341 459 509 534 infirmitas,
538 461 575 517 ut
602 476 669 517 eum
701 461 780 518 idem
812 460 914 535 Tydea
950 479 1085 537 parvum,

77 551 122 609 sed
142 550 321 609 bellatorem
343 548 418 607 dicit
439 549 539 608 fuisse.
567 548 689 607 fortuna
715 568 785 607 vero
814 552 879 607 tum
906 549 1086 626 dignitatem
1100 547 1139 603 ls

57 640 176 714 radfert,
206 642 243 698 ut
269 640 301 697 in
332 637 453 716 regibus
484 637 728 713 principibusque
761 635 903 714 (namque
936 641 982 696 est
1011 638 1085 696 haec

10 744 14 807 ξ
74 730 197 788 materia
220 727 419 788 ostendendae
451 727 573 785 virtutis
604 719 747 808 uberior),
774 730 840 785 tum
869 746 927 801 quo
955 729 1085 785 minores

10 830 12 837 '
72 837 138 894 opes
175 819 308 892 fuerunt,
356 818 500 874 maiorem
539 815 702 875 benefactis
734 816 862 894 gloriam
903 818 992 893 parit.
1033 815 1086 875 sed

10 940 12 945 ·
72 909 180 984 omnia,
205 925 282 982 quae
305 908 389 965 extra
412 924 466 965 nos
484 905 562 964 bona
581 907 651 963 sunt
669 924 804 981 quaeque
818 905 988 964 hominibus
1007 906 1084 964 forte

19 991 27 1003 '
71 999 252 1074 optigcrunt‚
279 1014 339 1054 non
366 994 434 1053 ideo
465 994 635 1072 laudantur,
669 995 748 1070 quod
779 994 918 1053 habuerit
945 996 1012 1070 quis
1040 1013 1084 1069 ea,

37 1101 59 1141 1o
70 1086 120 1145 sed
143 1084 224 1161 quod
246 1085 284 1143 iis
307 1085 430 1144 honeste
460 1085 501 1142 sit
527 1101 606 1142 usus.
639 1102 710 1142 nam
737 1083 861 1142 diuitiae
891 1086 922 1143 et
949 1085 1084 1159 potentia
1100 1081 1138 1137 14

71 1178 99 1233 et
121 1176 231 1252 gratia,
253 1193 320 1233 cum
339 1174 502 1248 plurimum
519 1174 630 1232 uirium
648 1173 728 1246 dent,
750 1175 782 1230 in
796 1174 1085 1248 utramquepartem

70 1265 270 1323 certissimum
291 1262 408 1321 faciunt
430 1280 546 1320 morum
569 1263 817 1337 experimentum:
841 1265 895 1320 aut
917 1263 998 1320 enim
1024 1282 1084 1320 me-

69 1353 157 1412 liores
180 1353 305 1428 propter
326 1352 399 1410 haec
422 1353 476 1408 aut
497 1350 612 1426 peiores
636 1369 744 1409 sumus.
769 1352 862 1409 animi
881 1370 997 1426 semper
1013 1349 1137 1411 1131315

69 1442 144 1515 laus,
168 1441 220 1500 sed
243 1459 303 1498 non
325 1460 386 1498 11113
408 1459 462 1515 per
483 1439 538 1498 hoc
558 1459 632 1514 opus
650 1441 701 1498 via
715 1439 842 1499 ducitur.
865 1459 995 1515 namque
1009 1441 1085 1499 31133

30 1545 55 1586 13
70 1530 178 1590 aetatis
202 1529 313 1606 gradus
336 1532 548 1607 gestarumque
570 1549 670 1587 rerum
698 1528 831 1588 ordinem
859 1531 944 1605 sequi
972 1531 1085 1604 specio-

70 1620 129 1678 sius
152 1619 222 1692 fuit,
254 1619 343 1676 utin
366 1618 471 1693 primis
495 1620 581 1676 annis
604 1618 779 1676 laudaretur
800 1619 925 1686 indoles7
952 1621 1018 1676 tum
1041 1619 1084 1676 di·

70 1709 224 1784 sciplinae,
247 1708 394 1782 posthoc
417 1725 540 1782 operum
572 1706 605 1763 id
632 1709 678 1766 est
709 1707 857 1766 factorum
880 1707 1084 1783 dictorumque

70 1801 234 1872 contextus,
259 1796 334 1855 alias
357 1797 389 1854 in
408 1798 519 1871 species
538 1798 687 1856 virtutum
705 1796 837 1856 dividere
852 1796 980 1870 laudem,
999 1798 1085 1856 forti-

70 1887 192 1963 tudinis,
220 1887 366 1960 iustitiae,
399 1886 600 1944 continentiae
628 1888 862 1962 ceterarumque,
894 1904 929 1944 ac
957 1886 1084 1962 singulis

25 1988 57 2034 2o
70 1976 238 2053 adsignare,
269 1993 345 2050 quae
373 1974 534 2033 secundum
562 1993 710 2050 quamque
739 1994 841 2033 earum
873 1977 958 2050 gesta
989 1978 1084 2033 erunt.

69 2069 138 2125 utra
162 2067 203 2123 sit
226 2067 326 2123 autem
343 2064 451 2122 harum
472 2063 525 2122 via
546 2064 660 2138 utilior,
690 2082 760 2122 cum
786 2063 913 2121 materia
941 2063 1085 2122 delibera·
1101 2061 1138 2115 16

70 2154 178 2227 bimus,
201 2151 273 2210 dum
296 2153 423 2212 sciamus
447 2153 581 2229 gratiora
605 2171 666 2210 esse
686 2151 885 2225 audientibus,
909 2170 985 2226 quae
1004 2154 1085 2212 solus

70 2246 136 2320 quis
170 2245 224 2301 aut
256 2242 369 2317 primus
403 2245 457 2300 aut
488 2245 567 2301 certe
600 2260 667 2300 cum
699 2241 802 2317 paucis
830 2241 934 2300 fecisse
962 2242 1085 2318 dicetur,

69 2334 94 2391 si
117 2331 191 2408 quid
213 2336 369 2406 praeterea
387 2349 478 2406 supra
492 2350 576 2406 spem
590 2334 643 2388 aut
657 2331 901 2406 expectationem,
924 2331 1084 2406 praecipue

24 2435 55 2481 25
69 2422 148 2497 quod
171 2420 268 2479 aliena
291 2423 392 2496 potius
416 2438 507 2479 causa
530 2439 620 2495 quam
644 2439 704 2479 3113.
735 2423 861 2495 tempus,
886 2421 965 2494 quod
992 2418 1132 2479 1111311117

69 2511 198 2570 hominis
221 2509 403 2585 insequitur,
434 2528 493 2567 non
524 2527 641 2585 semper
672 2512 801 2568 tractare
834 2509 994 2586 contingit:
1025 2529 1085 2569 non
1194 2560 1196 2565 Α

70 2601 176 2672 solum,
201 2598 279 2674 quod
302 2599 435 2657 viventes
459 2599 623 2674 aliquando
645 2599 811 2671 laudamus
839 2598 890 2657 sed
914 2599 993 2675 quod
1015 2619 1085 2658 rara

69 2690 143 2748 haec
167 2689 283 2747 occasio
306 2690 360 2761 est,
383 2691 417 2746 ut
439 2688 544 2746 referri
567 2690 684 2762 possint
711 2688 806 2747 divini
829 2687 955 2746 honores
979 2692 1009 2747 et
1036 2687 1085 2746 de·

70 2781 153 2838 creta
177 2780 208 2835 31
229 2776 346 2852 publice
374 2780 493 2835 statuae
521 2780 708 2836 constitutae.
736 2777 815 2836 inter
843 2796 919 2851 quae
947 2796 1084 2835 numeras
1100 2773 1137 2827 18

27 2867 166 2927 severim
189 2867 376 2944 ingeniorum
400 2870 601 2940 monumenta,
626 2886 701 2941 quae
725 2867 851 2926 saeculis
874 2866 1084 2943 probarentur3

69 2976 141 3015 nam
172 2955 295 3031 quidam
322 2957 399 3014 sicut
425 2954 588 3014 Menander
618 2957 745 3015 iustiora
779 2959 966 3031 posterorum
995 2976 1085 3031 quam

142 3166 156 3214 1
176 3160 208 3214 11.
228 3166 253 3227 1,
273 3165 324 3214 lui
344 3193 379 3201 -
399 3167 414 3213 1
434 3161 471 3216 ib,
492 3168 516 3228 1,
538 3167 589 3216 rao
608 3195 642 3202 -
662 3169 677 3214 3
697 3161 734 3217 ib.
756 3167 780 3228 5,
800 3166 851 3215 sor

142 3363 158 3411 2
179 3360 208 3411 et
226 3357 340 3412 interim
357 3367 380 3410 Α
472 3364 485 3411 1
507 3375 539 3412 33
558 3358 693 3412 maiorem
713 3367 740 3410 P
827 3362 843 3410 8
862 3356 937 3411 bonu
954 3367 990 3412 A:
1011 3358 1084 3410 dona

69 3440 125 3484 BP
183 3434 216 3483 10
235 3445 302 3483 nam
320 3439 381 3485 AP:
400 3446 457 3482 non
475 3439 503 3483 B
561 3436 595 3483 14
615 3429 743 3483 ducimur
761 3429 902 3483 Francius
961 3433 995 3481 28
1013 3431 1083 3482 tem-

69 3517 139 3572 pore
157 3500 255 3554 referri
273 3511 316 3552 or
384 3506 416 3554 31
435 3502 624 3570 posteriorum
643 3510 667 3555 Δ

117 3597 294 3645 emamus
307 3599 341 3638 cd.
356 3600 586 3648 Radermacher.
613 3606 635 3648 I.
912 3596 954 3646 11
