2438 3832
457 115 504 171 Ν.
524 123 548 184 1,
569 121 682 171 eo-u.
1016 116 1078 181 197

51 288 181 362 partem
207 283 512 360 vehementissimam,
551 285 634 345 cuins
665 286 738 345 haec
774 286 871 344 forma
904 288 949 344 est
977 281 1079 344 ‘habes

53 376 167 451 igitur,
213 372 339 447 Tubero,
385 373 464 449 quod
510 377 555 433 est
595 376 761 434 accusatori
801 375 928 432 maxime
974 378 1080 451 optan-

54 458 144 521 dnm'
181 464 214 521 et
243 464 341 521 cetere
373 465 529 522 convertat
560 463 600 522 ad
629 464 771 523 iudicem:
807 468 872 522 tum
906 465 984 522 enim
1012 482 1080 522 vere

56 569 172 611 aversa
194 549 333 610 videatur
356 551 453 610 oratio
476 555 507 611 et
528 552 703 630 languescat
725 555 771 611 vis
786 555 890 625 omnis,
914 552 1079 610 dicentibus

28 640 165 701 snobisr
194 632 298 699 ‘hebet
318 641 412 717 igitur
435 640 551 699 Tubero
574 642 654 717 quod
681 645 726 700 est
756 643 923 700 accusatori
952 642 1080 699 maxime

57 722 258 805 optandum'3
280 728 334 787 illo
354 731 432 789 enirn
450 729 538 789 modo
561 732 670 806 pressit
688 733 779 805 atque
802 730 923 806 institit,
945 730 1000 789 hoc
1014 733 1079 788 tan·

57 822 128 878 tum
151 816 322 877 indicasset.
346 817 426 893 quod
447 819 528 877 idem
550 817 581 877 in
604 818 816 894 Demosthene,
835 819 870 878 si
897 819 1006 876 flexum
1032 819 1080 877 illi
1094 818 1133 873 68

59 908 239 980 mutaveris,
257 905 379 967 accidet.
403 905 495 982 quid?
518 927 579 966 non
598 907 760 968 Sallustius
778 900 895 968 derceto
911 909 949 966 ad
964 907 1078 966 Cicero·

59 1015 142 1071 nem,
166 996 199 1054 in
221 1012 313 1072 quem
334 997 433 1072 ipsum
456 996 582 1072 dicebat,
612 1015 683 1056 usus
707 997 931 1072 estprincipio,
961 999 991 1056 et
1014 999 1079 1073 qui-

20 1106 48 1147 re
62 1085 132 1145 dem
171 1081 329 1160 protinus?
370 1077 526 1144 ‘Graviter
562 1088 593 1144 et
632 1085 736 1161 iniquo
778 1087 878 1144 animo
919 1086 1080 1144 maledieta

58 1178 118 1234 tua
147 1176 280 1250 paterer,
311 1173 352 1232 M„
384 1168 487 1248 Tulli’,
516 1175 596 1233 sicut
628 1174 730 1233 Cicero
762 1173 875 1233 fecerat
905 1176 937 1232 in
976 1174 1079 1234 Catili·

59 1282 148 1323 nem:
181 1255 259 1331 ‘Quo
290 1280 384 1337 usque
419 1262 542 1321 tandem
574 1257 728 1322 abutere'?
766 1281 800 1322 ae
832 1284 868 1321 ne
901 1266 968 1339 quis
1005 1261 1079 1324 ἀπο·
1094 1264 1133 1318 69

60 1348 200 1430 στροφήν
221 1351 360 1428 miretur,
389 1351 468 1410 idem
500 1351 601 1411 Cicero
633 1372 688 1429 pro
719 1351 830 1411 Scauro
860 1353 989 1411 ambitus
1019 1373 1079 1425 reo,

61 1458 144 1517 quae
167 1457 258 1501 causa
280 1442 326 1499 est
348 1441 380 1497 in
402 1440 624 1500 commentariis
654 1433 738 1522 (nam
761 1441 807 1501 bis
831 1442 958 1499 eundem
981 1441 1079 1500 defen·

22 1550 48 1591 u
61 1522 134 1611 dit),
164 1528 382 1605 prosopopoeia
403 1530 553 1605 loquentis
580 1549 634 1605 pro
662 1549 712 1589 reo
736 1532 845 1605 utitur,
874 1550 928 1606 pro
956 1530 1079 1588 Rabirio

61 1637 135 1678 vero
160 1616 302 1677 Postumo
326 1618 487 1694 eodemque
511 1617 623 1678 Scauro
651 1638 701 1678 reo
729 1619 961 1694 repetundarum
989 1622 1080 1678 etiam

61 1707 217 1782 exemplis,
239 1724 295 1782 pro
319 1704 464 1782 Oluentio,
493 1710 529 1766 nt
551 1707 640 1767 modo
664 1708 793 1781 ostendi,
820 1710 991 1784 partitione.
1020 1728 1080 1767 non
1096 1710 1134 1763 to

61 1800 168 1857 tumen
197 1795 280 1870 haec,
310 1797 382 1870 quia
410 1800 536 1872 possunt
565 1797 638 1856 bene
670 1797 830 1872 aliquando
862 1797 935 1871 fieri,
967 1798 1079 1872 passim

61 1883 204 1945 faciende
225 1887 304 1960 sunt,
328 1884 379 1944 sed
402 1887 539 1961 quotiens
562 1889 754 1962 praeceptum
776 1886 882 1945 vicerit
904 1888 996 1944 ratio:
1021 1906 1079 1961 quo

21 1993 49 2033 re
61 1973 155 2033 modo
168 1976 200 2032 et
212 1972 419 2051 similitudine,
439 1974 508 2032 dum
522 1974 616 2049 brevi,
639 1978 669 2033 et
686 1975 882 2033 translatione
901 1980 992 2050 atque
1013 1975 1080 2032 aliis

60 2064 170 2139 tropis,
193 2081 270 2138 quae
294 2064 394 2121 omnia
418 2065 499 2122 cauti
520 2064 569 2121 illi
591 2082 626 2123 ac
644 2064 803 2141 diligentes
827 2063 993 2138 prohibent,
1016 2066 1079 2121 ute-

60 2171 132 2211 mur
154 2151 284 2226 interim,
312 2151 371 2211 nisi
395 2153 444 2210 eui
466 2152 568 2211 divina
595 2153 650 2210 illa
676 2172 731 2226 pro
759 2152 880 2229 Ligario
908 2153 1015 2224 ironia,
1044 2152 1079 2208 de

62 2258 127 2316 qua
148 2240 240 2315 paulo
264 2243 336 2299 ante
359 2240 500 2315 dixeram,
523 2240 669 2317 displicet.
699 2242 760 2300 alia
788 2242 976 2300 exordiorum
1003 2243 1080 2300 vitia
1097 2243 1132 2296 71

60 2331 165 2389 verius
193 2327 392 2389 tradidenmt.
424 2329 504 2405 quod
534 2331 568 2388 in
599 2329 694 2407 pluris
727 2349 830 2389 causas
863 2329 1080 2390 accommodari

20 2438 47 2479 rs
61 2419 177 2495 potest,
209 2418 361 2494 vulgare
389 2417 512 2477 dicitur:
541 2418 574 2476 id
601 2421 699 2478 minus
726 2419 890 2479 favorabile
919 2419 1079 2494 aliquando

60 2512 166 2567 temen
189 2525 249 2566 nou
271 2507 422 2567 inutiliter
444 2506 637 2582 adsumimus,
660 2508 777 2584 magnis
800 2527 888 2583 saepe
912 2508 1079 2567 oratoribus

62 2615 126 2657 non
148 2597 311 2670 evitatum3
342 2614 400 2670 quo
424 2599 454 2655 et
477 2596 663 2656 adversarius
686 2598 732 2655 uti
759 2599 871 2673 potest,
900 2615 1079 2655 commune

64 2684 253 2762 appellatur:
277 2684 359 2759 quod
380 2684 568 2746 adversarius
591 2688 623 2745 in
646 2705 729 2746 suam
749 2687 912 2744 utilitatem
926 2685 1079 2744 deflectere

62 2776 175 2851 potest,
193 2772 462 2833 commutabile:
486 2775 566 2850 quod
580 2793 686 2835 causae
700 2793 760 2833 non
775 2775 919 2849 cohaeret,
934 2792 1079 2850 separa·

20 2883 50 2923 ro
63 2866 153 2923 tum:
173 2862 254 2939 quod
268 2861 388 2922 aliunde
401 2864 541 2939 trahitur,
560 2864 795 2923 translatum:
815 2857 984 2942 [praeterea
998 2862 1079 2939 quod

63 2952 228 3031 longum,
250 2951 331 3027 quod
354 2955 480 3011 eontra
498 2956 694 3028 praecepta
713 2946 772 3030 est]
788 2971 914 3027 quorum
937 2953 1079 3027 pleraque

63 3060 125 3100 non
148 3039 292 3117 principii
314 3040 402 3100 modo
426 3044 495 3101 sunt
518 3043 602 3116 vitia,
626 3040 677 3100 sed
698 3043 792 3100 totius
816 3042 968 3100 orationis.

136 3227 790 3298 rcr,a-101nv.1‚1-13frg.D.1

137 3420 258 3476 'iillum
270 3421 307 3475 11¹
379 3422 520 3478 occcidit
538 3432 589 3476 AB
661 3429 694 3477 20
713 3423 846 3478 brevieB
917 3429 951 3477 22
969 3422 1040 3493 nisi]
1055 3422 1080 3475 si

62 3492 130 3547 η’
205 3496 241 3547 80
256 3496 402 3561 praeterea
419 3526 455 3536 -
474 3497 518 3550 est
534 3497 589 3552 scol
608 3498 707 3572 Meyer
726 3499 757 3569 cf
772 3498 810 3555 Vt
827 3515 846 3570 p
866 3501 921 3551 the
