2460 3854
383 147 430 202 VI.
450 154 475 215 1,
493 151 607 200 ur-cc.
628 152 653 214 a,
673 152 751 200 1-1.
1011 149 1075 215 321

125 317 163 376 In
188 316 256 376 aliis
280 320 379 374 autem
403 316 540 391 partibus
571 315 746 375 tractandus
779 316 837 376 erit
868 317 1011 393 adfectus,
1043 322 1078 377 ut
1092 328 1131 382 511

55 409 187 484 quisque
210 408 361 478 nascetur3
384 424 453 462 nam
476 425 572 480 neque
595 407 705 480 exponi
727 406 790 464 sine
813 406 869 465 hoc
892 427 939 466 res
963 411 1077 467 atroces

57 499 89 556 et
112 494 299 554 miserabiles
322 494 443 568 debent,
466 489 539 571 <et>
561 513 629 552 cum
652 494 689 552 de
712 495 859 569 qualitate
883 496 1010 556 alicuius
1033 499 1078 556 rei

58 587 197 662 quaestio
221 588 274 656 est,
306 583 534 659 probationibus
557 585 646 642 unius
670 585 813 660 cuiusque
835 586 879 644 rei
902 588 981 644 recte
1009 587 1076 645 sub-

29 675 206 752 aiungitur.
229 673 282 731 ubi
304 691 375 732 vero
398 674 586 730 coniunctam
609 672 795 748 expluribus
815 692 937 733 eausam
951 677 1077 752 agimus,
1091 681 1130 737 54

59 765 152 823 etiam
176 780 295 820 necesse
318 764 376 820 erit
397 764 444 820 uti
466 761 602 837 pluribus
626 763 713 837 quasi
735 763 872 840 epilogis,
895 766 984 821 utin
1002 763 1076 822 Ver-

57 873 122 911 rem
148 850 250 911 Oicero
273 852 357 926 fecit3
380 869 449 909 nam
473 853 504 909 et
525 850 702 909 Philodamo
726 854 757 910 et
774 853 933 912 nauarchis
953 857 982 911 et
996 856 1077 912 cruci

58 943 134 1001 civis
158 941 286 1000 Romani
309 943 340 998 et
362 940 430 998 aliis
458 940 596 1016 plurimis
623 958 692 998 suas
720 941 858 1000 lacrimas
886 941 976 1000 dedit.
1006 947 1129 1006 euntes

58 1033 112 1107 qui
134 1031 190 1089 hos
210 1027 347 1106 μερικοὺς
365 1026 521 1107 ἐπιλόγους
534 1033 650 1103 vocent,
674 1048 733 1105 quo
751 1031 896 1105 partitam
910 1033 1074 1106 peroratio-

20 1142 46 1180 ιο
58 1139 128 1178 nem
151 1118 330 1196 significant.
361 1118 436 1175 mihi
458 1137 518 1176 non
540 1121 604 1176 tam
626 1123 726 1194 paites
750 1120 814 1177 eius
843 1138 933 1195 quam
963 1123 1075 1196 species

58 1208 208 1280 videntur,
245 1209 271 1266 si
304 1206 424 1282 quidem
453 1210 484 1265 et
516 1207 628 1285 epilogi
660 1210 690 1265 et
721 1210 920 1282 perorationis
953 1211 1075 1268 nomina

58 1300 126 1375 ipsa
150 1299 252 1372 aperte
285 1298 358 1355 satis
386 1295 555 1368 ostendunt,
586 1296 662 1355 hanc
694 1314 757 1354 esse
789 1301 1075 1358 consummationem

59 1387 214 1446 orationis.

81 1538 143 1610 [Da
161 1536 348 1591 DIVISIONE
366 1535 589 1590 AFFEOTUUM
607 1535 653 1589 ΕΤ
674 1534 852 1600 QUOMODO
872 1537 1042 1592 MOVENDI

26 1658 46 1697 15
516 1624 619 1696 SINT]

123 1743 164 1801 H.
189 1741 332 1810 Quamvis
360 1744 460 1800 autem
486 1759 557 1816 pars
586 1740 659 1799 haec
690 1741 880 1800 iudicialium
913 1749 1107 1804 causaruml

59 1851 175 1892 summa
198 1832 416 1908 praecipueque
443 1832 558 1888 constet
588 1829 753 1888 adfectibus
785 1835 815 1889 et
842 1831 945 1906 aliqua
973 1832 1008 1890 de
1036 1834 1073 1892 iis

58 1923 224 1981 necessario
248 1920 382 1993 dixerim,
404 1939 465 1978 non
487 1923 589 1977 tamen
611 1921 698 1994 potui
721 1938 756 1978 ac
779 1939 816 1978 ne
840 1920 928 1978 debui
952 1921 1072 1997 quidem

58 2004 150 2071 istum
173 2011 273 2069 locum
296 2011 328 2066 in
358 2028 449 2067 unam
477 2010 605 2085 speeiem
638 2008 819 2068 concludere.
854 2029 945 2086 quare
977 2010 1073 2069 adhuc

20 2118 133 2177 scopus
157 2103 293 2174 superest
316 2117 382 2156 oum
406 2099 444 2156 ad
467 2097 628 2156 obtinenda
652 2116 728 2173 quae
746 2099 884 2157 volumus
902 2101 1073 2175 potentissi-

58 2210 149 2262 mum,
172 2192 237 2247 tum
261 2206 351 2263 supra
374 2187 462 2248 dictis
485 2187 580 2246 multo
600 2186 760 2260 difficilius,
782 2188 922 2246 movendi
939 2188 1073 2247 iudicum

58 2281 174 2338 animos
205 2281 296 2354 atque
323 2279 356 2335 in
383 2297 451 2336 eum
480 2297 568 2354 quem
595 2277 733 2335 volumus
760 2276 896 2335 habitum
924 2278 1073 2336 formandi

58 2373 88 2427 et
109 2369 193 2427 velut
216 2366 456 2444 transfigurandi.
481 2386 540 2445 qua
564 2367 599 2425 de
622 2385 654 2423 re
672 2384 778 2442 pauca,
801 2384 877 2441 quae
895 2367 1068 2442 postulabat
1088 2373 1105 2426 2

58 2459 194 2530 materia,
218 2457 260 2514 sic
283 2458 381 2535 attigi,
404 2461 440 2515 ut
462 2459 568 2535 magis,
597 2455 671 2531 quid
694 2457 845 2531 oporteret
876 2455 950 2529 fieri,
982 2475 1073 2532 quam

19 2566 45 2606 ss
59 2565 118 2623 quo
141 2546 174 2603 id
197 2544 285 2604 modo
308 2547 451 2619 consequi
472 2563 634 2620 possemus,
657 2543 850 2604 ostenderem.
878 2564 956 2603 nuno
980 2546 1072 2605 altius

57 2636 154 2696 omnis
176 2636 221 2692 rei
243 2634 403 2711 repetenda
426 2635 504 2691 ratio
528 2637 580 2692 est.

123 2724 203 2782 Nam
227 2727 256 2781 et
279 2743 332 2799 per
355 2725 460 2793 totam,
483 2725 518 2779 ut
541 2721 678 2796 diximus,
701 2741 819 2782 causam
845 2723 927 2782 locus
951 2728 995 2782 est
1019 2724 1070 2783 ad-

56 2813 199 2887 fectibuS,
229 2816 259 2872 et
287 2831 389 2870 eorum
420 2828 480 2868 non
510 2811 636 2885 simplex
664 2816 772 2870 natura
800 2831 854 2871 nec
881 2814 913 2870 in
940 2815 1071 2872 transitu

56 2902 225 2976 tractanda,
250 2900 391 2977 quoniam
414 2899 490 2957 nihil
513 2898 628 2957 adferre
651 2903 747 2960 maius
770 2903 816 2960 vis
836 2902 941 2961 orandi
963 2905 1070 2978 potest.

130 3096 146 3144 6
167 3097 190 3155 1,
211 3094 257 3155 30;
278 3095 302 3156 5,
321 3093 363 3153 45,
384 3093 417 3141 53
433 3104 484 3155 sqq

56 3229 271 3237 ————

130 3327 146 3375 3
166 3323 194 3375 et
213 3321 270 3375 add
288 3321 424 3392 Spaldinq
517 3323 530 3372 7
551 3317 627 3372 cruci
645 3315 713 3370 civis
732 3318 816 3373 idem:
844 3319 920 3373 eruci
939 3319 993 3372 civi
1012 3338 1027 3374 s
1047 3331 1070 3373 A

56 3393 192 3449 crucitiue
214 3403 235 3444 a
254 3393 343 3446 erucis
363 3401 394 3445 Μ
411 3390 500 3445 erucis
520 3389 629 3444 civibus
648 3397 699 3442 PV
774 3396 807 3444 14
825 3391 937 3445 titulum
955 3391 1019 3445 dedi
1037 3409 1070 3446 aa

58 3475 90 3533 P,
111 3467 160 3535 qai
177 3466 256 3519 babet
274 3465 305 3518 ia
327 3465 381 3530 fiae
401 3465 466 3518 sunt
575 3466 607 3514 ll
627 3476 734 3514 summe
753 3470 784 3513 Μ
805 3461 843 3515 eit
861 3478 969 3515 summa
993 3473 1019 3515 P
1039 3462 1072 3515 in

56 3553 167 3591 summa
185 3536 272 3590 Halm
344 3541 377 3588 29
397 3535 530 3604 quoniam
549 3533 700 3606 Spolda'aqt
720 3547 778 3602 que

103 3634 283 3680 vanrnunvs
297 3635 333 3675 ed.
347 3635 578 3680 Radermacher.
603 3637 627 3680 Ι.
904 3625 949 3673 Ἃ
