2460 3854
453 156 455 161 »
484 130 504 184 1.
534 134 673 198 arr-14.
1041 128 1083 192 41

60 303 235 377 portionem
259 301 394 376 sequenti
417 300 513 358 dicere
536 318 654 359 neeesse
673 301 719 358 est
738 295 867 357 ‘fervire’
888 302 922 356 ut
941 293 1085 357 ‘servire'.

59 391 164 466 prima
189 408 307 464 quoque
331 389 492 465 aliquando
516 388 628 464 positio
652 408 687 446 ex
711 389 839 463 obliquis
862 389 1024 462 invenitur,
1051 391 1087 446 ut
1100 397 1146 453 10

59 478 211 539 memoria
237 481 340 554 repeto
369 478 520 537 convictos
549 497 567 535 a
593 497 650 552 me,
681 479 733 553 qui
754 478 976 553 reprenderant‚
1007 478 1085 552 quod

59 570 120 627 hoo
148 567 242 627 verbo
270 587 340 626 usus
369 585 465 627 essem
494 561 632 645 ‘pepigi'z
669 585 739 625 nam
768 565 801 624 id
828 566 948 641 quidem
976 566 1085 626 dixisse

60 676 198 717 summos
227 659 362 715 auctores
386 656 612 729 confitebantur,
640 657 787 714 rationem
810 658 912 714 tamen
934 656 1087 733 negabant

60 747 257 822 permittere,
290 746 360 821 quia
391 748 489 821 prima
520 745 631 822 positio
665 739 831 820 ‘paciscor’,
863 763 930 802 cum
962 745 1087 803 haberet

60 839 207 894 naturam
229 835 373 911 patiendi,
396 835 507 893 faceret
529 837 662 909 tempore
681 833 841 909 praeterito
861 828 977 909 ‘paetus
997 830 1085 893 sum'.

61 944 118 984 nos
156 927 277 1000 praeter
313 925 524 983 auctoritatem
560 925 712 982 oratorum
749 924 839 998 atque
875 923 1087 982 historicorum
1101 932 1140 986 11

62 1014 209 1091 analogia
237 1032 354 1089 quoque
392 1013 506 1071 dictum
532 1012 698 1071 tuebamur.
721 1031 792 1069 nam
824 1030 891 1070 cum
919 1012 1085 1088 legeremus

48 1105 96 1162 tin
122 1101 183 1160 XII
205 1102 316 1161 tabulis
339 1103 377 1159 ni
398 1103 452 1160 ita
474 1105 627 1178 pagunt,
650 1101 873 1160 inveniebamus
897 1101 994 1159 simile
1016 1102 1086 1159 huic

63 1186 216 1250 ‘cadunt’z
239 1192 308 1250 inde
331 1192 430 1267 prima
452 1191 573 1265 positio,
598 1192 717 1249 etiamsi
739 1193 889 1249 vetustate
908 1190 1086 1266 exoleverat,

63 1280 236 1358 apparebat
259 1273 360 1357 ‘pago'
388 1283 424 1338 ut
451 1274 558 1353 ‘cado'‚
590 1280 668 1338 unde
700 1298 760 1337 non
792 1282 857 1337 erat
886 1278 1012 1337 dubium
1044 1280 1087 1338 sic

63 1364 195 1447 ‘pepigi’
218 1389 273 1429 nos
297 1369 452 1427 dicerent
476 1362 600 1428 ‘cecidi'.
633 1368 684 1428 sed
707 1369 927 1427 meminerimus
951 1387 1010 1427 non
1033 1387 1087 1445 per
1101 1377 1143 1431 12

63 1461 170 1519 omnia
201 1459 269 1516 duci
297 1459 453 1536 analogiae
480 1477 568 1533 posse
595 1457 751 1532 rationem,
782 1476 849 1516 cum
877 1460 907 1516 et
935 1457 992 1516 sibi
1019 1457 1086 1534 ipsa

63 1549 206 1626 plurimis
228 1549 259 1606 in
284 1547 357 1607 locis
379 1550 533 1624 repugnet.
572 1547 717 1621 quaedam
740 1546 804 1605 sine
828 1547 917 1604 dubio
941 1551 1088 1605 conentur

63 1638 178 1696 eruditi
196 1636 360 1710 defendere,
378 1639 422 1710 ut,
441 1655 508 1695 cum
526 1637 704 1710 deprensum
724 1638 777 1710 est,
797 1631 904 1711 ‘lepus’
924 1638 955 1694 et
973 1630 1087 1712 ‘lupus'

63 1727 180 1788 similia
202 1725 352 1801 positione
375 1729 521 1801 quantum
545 1725 662 1784 casibus
686 1726 878 1800 numerisque
898 1725 1088 1798 dissentiant,

61 1818 111 1876 ita
133 1815 316 1890 respondent
337 1834 398 1874 non
422 1833 484 1874 esse
502 1816 598 1890 paria,
622 1816 693 1889 quia
712 1808 822 1889 ‘lepus’
848 1816 1011 1891 epicoenon
1036 1816 1086 1887 sit,

64 1899 181 1981 ‘lupus’
209 1904 415 1977 masculinum,
448 1922 631 1979 quamquam
654 1903 750 1962 Varro
780 1905 812 1962 in
843 1923 876 1962 eo
907 1904 993 1977 libro,
1027 1922 1086 1978 quo

62 1996 156 2053 initia
186 1993 267 2052 urbis
296 1987 477 2072 [Romanae]
506 1995 634 2067 enarrat,
666 1993 789 2069 lupum
816 1993 984 2051 feminam
1012 1991 1087 2050 dicit

63 2084 199 2143 Ennium
225 2081 432 2158 Pictoremque
460 2081 588 2140 Fabium
617 2084 742 2141 secutus.
784 2082 831 2139 illi
864 2083 965 2140 autem
997 2081 1143 2153 idem,13

64 2191 134 2231 cum
157 2173 390 2249 interrogantur,
413 2190 465 2230 cur
490 2167 573 2246 ‘aper
596 2165 674 2246 apri’
693 2174 723 2229 et
743 2166 841 2246 ‘pater
858 2165 966 2246 patris’
985 2171 1086 2244 faciat,

62 2261 142 2321 illud
175 2280 283 2319 nomen
314 2263 455 2336 positum,
492 2261 548 2319 hoc
580 2260 620 2318 ad
651 2259 766 2335 aliquid
798 2278 860 2319 esse
894 2259 1085 2318 contendunt.

62 2353 222 2427 praeterea
243 2351 384 2426 quoniam
402 2352 562 2424 utrumque
581 2368 600 2406 a
619 2348 731 2408 Graeco
751 2348 872 2407 ductum
890 2351 938 2422 sit,
963 2347 1001 2406 ad
1020 2369 1086 2408 eam
1112 2368 1134 2397 v

62 2440 215 2500 rationem
237 2441 402 2514 recurrunt,
425 2442 460 2497 ut
483 2432 604 2518 ’πατρός
622 2439 727 2514 patris,
750 2437 866 2516 κάπρου
885 2433 963 2514 apri'
982 2439 1083 2497 faeiat.

62 2530 119 2588 illa
147 2530 248 2588 tamen
278 2528 425 2603 quomodo
449 2528 600 2605 effugient,
628 2531 753 2602 utnon,
781 2528 917 2603 quamvis
941 2528 1086 2586 feminina
1100 2535 1143 2592 14

63 2617 214 2695 singulari
230 2617 414 2676 nominativo
440 2612 496 2676 ‘us’
517 2618 627 2675 litteris
651 2616 736 2675 finita
749 2618 922 2692 vnumquam
945 2619 1085 2693 genetivo

63 2726 137 2767 casu
162 2700 227 2765 ‘ris'
250 2706 367 2782 syllaba
389 2706 595 2780 terminentur,
618 2706 712 2765 faciet
734 2709 836 2764 tamen
857 2700 969 2765 ‘Venus
988 2706 1085 2765 Vene-

62 2792 141 2856 ris'?
173 2797 256 2869 item,
283 2814 351 2854 eum
375 2815 405 2854 es
428 2796 538 2854 litteris
561 2794 647 2853 finita
670 2815 723 2871 per
745 2797 844 2854 varios
868 2798 974 2854 exeant
998 2815 1085 2872 gene-

63 2918 218 2927 ..-—-..—-.-.
225 2919 280 2924 -..-

140 2989 172 3038 10
192 2983 248 3038 tab.
271 2990 294 3051 1,
316 2989 330 3037 7
349 2983 439 3037 Bruns
514 2989 546 3036 21
566 2983 636 3037 Enn.
656 2984 728 3036 Ann.
749 2989 783 3037 68
802 2986 830 3037 et
850 2990 883 3036 70
901 2983 935 3037 V.

138 3169 153 3216 1)
170 3162 277 3216 dictum
292 3161 440 3215 hocAhoc
451 3163 503 3228 (cm
514 3162 630 3232 dictum)
646 3171 666 3215 s
694 3167 727 3215 10
737 3164 848 3232 pagunt
861 3171 922 3216 AP:
938 3163 1044 3230 pacunt
1058 3171 1089 3214 B
1191 3218 1192 3221 ,

112 3240 145 3289 12
168 3249 240 3304 paco
258 3243 287 3287 B
377 3239 410 3286 14
434 3235 463 3287 et
482 3233 537 3288 eibi
555 3244 592 3287 A:
617 3233 672 3287 sibi
689 3243 744 3287 BP
834 3239 866 3288 17
891 3233 978 3286 simili
995 3242 1050 3287 BP

65 3311 99 3372 18
119 3305 162 3359 ita
181 3305 231 3372 des
240 3306 337 3360 Krcll:
355 3305 411 3358 ista
430 3306 496 3360 Keil
587 3311 620 3359 20
639 3306 784 3358 Romanae
802 3307 834 3358 in
851 3314 906 3358 BP
923 3311 987 3358 onte
1005 3304 1085 3358 urbis

63 3379 225 3432 collocatum
244 3377 287 3430 del
303 3377 433 3432 claussen
506 3383 539 3430 23
558 3377 682 3446 positum
701 3384 739 3431 est
756 3377 827 3430 idem
845 3377 917 3445 quod
931 3375 1083 3443 positivum

65 3449 212 3504 Mccrcbio
236 3447 293 3502 dat.
311 3454 334 3513 1,
354 3453 414 3514 4‚9
529 3454 562 3501 26
590 3465 646 3501 non
670 3447 767 3501 ABn¹:
800 3447 915 3502 nomina
938 3462 1000 3500 corr
1027 3456 1088 3511 Ba,

63 3527 167 3584 B5NP
237 3524 271 3572 28
290 3520 476 3573 terminentur
494 3528 526 3572 s:
551 3517 742 3576 terminantur
764 3529 817 3575 BP
837 3518 1017 3575 terminatas
1037 3526 1062 3566 n
