2460 3854
492 156 705 225 umam
1041 155 1105 220 m

87 323 224 400 Pyrrhus
248 326 293 384 est
314 324 499 399 interfectus,
528 328 559 385 et
581 325 620 384 ad
642 324 828 384 moriendum
854 343 913 383 non
940 327 1005 384 tam
1033 322 1108 384 Cato

90 417 119 470 et
143 413 246 488 Scipio
270 432 361 489 quam
377 411 530 486 Lucretia:
554 414 635 490 quod
652 415 751 488 ipsum
770 417 815 472 est
834 433 869 472 ex
886 413 1049 474 maioribus
1068 414 1107 472 ad

90 503 215 561 minora.
239 502 360 580 singula
381 503 477 580 igitur
498 503 605 563 horum
629 521 770 580 generum
794 521 830 561 ex
853 500 993 562 Cicerone
1022 496 1107 582 (nam
1122 503 1160 559 11

92 591 168 649 unde
192 583 329 672 potiusl)
361 592 496 668 exempla
518 610 674 666 ponamus.
698 592 794 650 simile
818 594 865 650 est
886 591 943 651 hoc
964 611 1019 667 pro
1042 591 1107 649 Mu·

72 698 175 738 irena:
201 675 325 739 ‘etenim
346 681 421 739 mihi
442 682 502 757 ipsi
525 681 636 740 accidit
657 683 693 739 ut
722 699 789 739 cum
819 679 933 739 duobus
962 682 1107 756 patriciis,

95 769 185 828 altero
204 769 415 845 inprobissimo
434 765 546 848 <atque
566 764 794 846 audacissimo>‚
818 769 911 828 altero
925 769 1107 828 modestissi-

94 877 138 917 mo
163 860 255 934 atque
280 858 394 934 optimo
412 860 487 933 viro,
510 862 659 934 peterem:
682 860 821 934 superavi
839 861 941 916 tamen
960 858 1107 936 dignitate

96 945 262 1022 Catilinam,
282 949 381 1025 gratia
400 943 548 1007 Galbam'.
571 949 668 1006 maius
686 947 810 1006 minoris
828 966 882 1022 pro
901 946 1025 1006 Milone:
1046 943 1106 1006 ‘ne·
1123 947 1161 1002 12

95 1038 164 1113 gant
186 1037 297 1095 intueri
320 1037 417 1095 lucem
440 1056 503 1097 esse
526 1037 572 1095 fas
591 1038 627 1109 ei,
651 1037 703 1111 qui
723 1055 741 1095 a
759 1055 789 1096 se
808 1037 960 1094 hominem
977 1038 1106 1096 occisum

66 1143 151 1184 nesse
175 1125 316 1184 fateatin.
339 1127 373 1184 in
396 1144 456 1201 qua
478 1126 600 1184 tandem
618 1124 691 1184 urbe
709 1125 765 1184 hoo
784 1125 918 1184 homines
936 1125 1107 1185 stultissimi

94 1211 269 1289 disputant?
291 1233 398 1291 nempe
420 1216 452 1272 in
475 1233 519 1288 ea,
543 1233 618 1290 quae
641 1216 771 1290 primum
790 1213 934 1273 iudicium
953 1214 989 1272 de
1008 1217 1107 1290 capite

94 1302 166 1361 vidit
189 1303 229 1361 M.
253 1302 363 1362 Horati
385 1302 542 1364 fortissimi
560 1304 627 1378 viri,
652 1303 704 1379 qui
721 1303 852 1361 nondum
871 1303 966 1362 libera
984 1305 1106 1363 civitate

93 1394 190 1450 tamen
213 1392 320 1468 populi
338 1391 466 1452 Romani
485 1393 613 1451 comitiis
631 1392 775 1451 liberatus
790 1395 844 1465 est,
867 1411 933 1451 cum
948 1410 1002 1451 sua
1015 1412 1107 1450 manu

94 1499 219 1540 sororem
240 1499 304 1540 esse
322 1481 512 1540 interfectam
530 1477 695 1539 fateretur'.
719 1483 817 1539 minus
831 1481 967 1540 maioris:
990 1475 1106 1554 ‘occidi

66 1570 196 1646 isoccidi,
220 1589 281 1629 non
306 1569 447 1646 Spurium
470 1570 621 1643 Maelium,
645 1571 699 1644 qui
723 1588 841 1628 annona
863 1569 990 1630 levanda
1013 1572 1107 1629 iactu-

96 1661 191 1735 risque
210 1659 255 1717 rei
273 1659 442 1733 familiaris,
466 1662 537 1735 quia
550 1661 640 1718 nimis
656 1659 796 1735 amplecti
809 1658 927 1735 plebem
940 1658 1106 1733 videbatur,

94 1749 122 1806 in
145 1750 347 1825 suspicionem
369 1748 477 1807 incidit
499 1750 585 1826 regni
608 1743 777 1806 affectandi'
803 1752 832 1806 et
855 1751 962 1821 cetera,
986 1748 1106 1806 deinde:

95 1830 153 1896 ‘sed
177 1857 246 1897 eum
271 1830 407 1916 (auderet
422 1840 501 1896 enim
520 1837 625 1911 dicere,
649 1856 716 1896 cum
738 1839 870 1912 patriam
887 1837 1018 1913 periculo
1033 1837 1106 1894 libe-

94 1919 209 2008 rasset),
242 1928 327 1985 cuius
359 1926 521 1985 nefandum
554 1926 735 1985 adulterium
761 1929 793 1984 in
816 1921 1044 2002 pulvinaribus',
1076 1929 1106 1984 et

66 2017 170 2076 emtus
193 2017 226 2073 in
251 2013 389 2075 Olodium
411 2016 501 2074 locus.

155 2105 310 2164 Dissimile
334 2105 429 2179 pluris
450 2123 590 2164 excursus
608 2076 705 2162 habet.
729 2103 765 2162 fit
783 2104 862 2162 enim
880 2123 995 2182 genere,
1008 2102 1106 2177 modo,
1122 2103 1159 2158 lc

93 2194 331 2270 tempore„loco‚
355 2194 469 2268 ceteris
497 2213 550 2269 per
568 2212 650 2269 ¹quae
672 2194 734 2251 fere
762 2194 862 2251 omnia
890 2191 992 2251 Cicero
1020 2211 1105 2268 prae-

90 2282 210 2356 iudicia,
234 2301 310 2357 quae
334 2282 370 2341 de
385 2281 523 2342 Cluentio
546 2282 725 2342 videbantur
747 2283 837 2356 facta,
856 2281 1014 2342 subvertit:
1038 2300 1105 2340 con-

91 2375 183 2431 trario
208 2390 278 2430 vero
303 2372 436 2446 exemplo
460 2373 625 2431 censoriam
647 2375 759 2445 notam,
782 2371 931 2430 laudando
956 2389 1106 2429 censorem

58 2460 276 2533 scenicarum,
301 2461 351 2535 qui
375 2480 451 2534 cum,
474 2481 564 2537 quem
585 2461 732 2537 peierasse
757 2461 905 2536 conceptis
930 2459 1029 2520 verbis
1052 2479 1105 2535 pe·

89 2550 149 2608 lam
174 2549 306 2623 dixisset,
333 2551 538 2609 testimonium
561 2554 652 2610 etiam
675 2551 837 2627 pollicitae,
861 2551 886 2609 si
909 2551 977 2626 quis
1001 2551 1105 2608 contra

89 2639 211 2712 diceret,
247 2639 331 2697 nullo
363 2644 520 2698 accusante
548 2641 703 2698 traducere
735 2659 846 2715 equum
877 2657 982 2715 passus
1015 2643 1104 2698 esset:

89 2747 175 2804 quae,
199 2729 270 2804 quia
294 2731 379 2787 erant
401 2729 547 2808 longiora,
570 2748 629 2787 non
653 2731 713 2788 suis
736 2729 834 2788 verbis
860 2729 990 2803 exposui.
1014 2728 1103 2787 breve
1120 2725 1158 2782 14

88 2820 190 2876 autem
215 2816 294 2893 apud
317 2817 485 2895 Vergilium
509 2817 650 2876 contrarii
675 2818 843 2893 exemplum
867 2820 924 2877 est:

48 2915 73 2963 lo
181 2901 225 2965 ‘at
247 2926 307 2965 non
330 2907 390 2984 ille,
415 2909 511 2965 satum
536 2925 594 2981 quo
618 2909 649 2965 te
671 2907 815 2980 mentiris,
838 2906 970 2965 Achilles

178 2996 248 3054 talis
272 2997 304 3053 in
327 2996 412 3055 hoste
436 2997 495 3054 fuit
517 2990 656 3054 Priamo'

160 3163 1104 3232 affin-ww-mmmm-mmw

86 3237 693 3304 mamm-mmnmmo

160 3403 175 3450 6
196 3398 281 3465 atque
301 3395 488 3451 audacissimo
507 3397 564 3451 odd
582 3413 615 3450 ccc
635 3395 687 3451 Cic.
708 3396 741 3450 ecl
760 3397 842 3450 Bosil
957 3401 988 3449 11
1009 3395 1044 3448 de
1063 3405 1102 3449 P:

85 3469 154 3524 dein
172 3476 201 3521 Β
218 3485 260 3521 om
278 3477 301 3519 A
402 3474 434 3521 17
453 3469 533 3538 regni
553 3466 706 3536 adpetendi
724 3475 778 3520 BP
853 3472 886 3520 21
906 3468 1049 3538 excursus]
1069 3483 1103 3520 cx

85 3556 170 3596 casus
188 3548 211 3590 A
230 3556 263 3592 ex
282 3553 312 3592 se
331 3554 412 3592 casus
432 3549 495 3592 Pac
515 3555 595 3595 cesus
615 3548 642 3594 B
658 3539 690 3608 cf
703 3538 742 3594 Ν
758 3543 836 3606 5,ss

913 3626 969 3681 w
