2438 3832
117 108 180 172 136
431 107 658 173 QVINTILIANI
675 107 765 161 INST.
786 106 841 162 ΟΒ.

116 277 225 336 adiecit
243 275 501 355 προσομιλητικήν,
516 295 606 352 quam
625 295 695 336 sane
708 279 916 351 permittamus
931 275 1018 336 nobis
1032 275 1136 335 dicere

116 367 398 425 sermocinatricom:
422 385 498 441 quae
517 366 664 425 elorensi
686 367 802 425 ratione
825 364 1009 443 disiungitur
1032 368 1064 424 et
1086 365 1134 424 est

117 455 340 513 accommodata
369 452 496 529 privatis
528 453 788 529 disputationibus,
825 454 908 514 cuius
945 456 991 513 vis
1026 455 1126 513 eadem

63 542 99 597 11
115 544 249 619 profecto
273 546 325 618 est,
355 562 432 618 quae
460 543 641 602 dialecticae.
670 543 815 603 Isocrates
844 545 877 600 in
908 545 991 602 omni
1024 561 1126 620 genere

116 634 211 690 inesse
235 631 352 690 laudem
376 649 411 691 ac
433 634 683 707 vituperationem
707 633 897 692 existimavit.
1148 645 1157 687 s

64 719 102 773 12
183 720 276 780 Nobis
300 724 330 779 et
356 722 541 779 tutissimum
568 724 613 781 est
645 725 779 781 auctores
808 721 954 796 plurimos
988 723 1075 796 sequi
1103 723 1128 779 et

116 811 160 868 ita
183 810 303 869 videtur
324 811 403 868 ratio
427 809 547 868 dictare.
571 812 617 869 est
638 812 741 888 igitur,
764 813 799 869 ut
822 809 892 884 dixi,
915 829 1011 868 unum
1030 829 1129 887 genus,

118 900 265 973 quolaus
289 917 323 957 ac
346 899 528 973 vituperatio
551 899 727 972 continetur,
756 898 807 958 sed
835 902 879 958 est
903 898 1091 974 appellatum
1115 916 1132 956 a

116 990 201 1064 parte
224 987 346 1047 meliore
369 987 613 1047 laudativum:
636 987 784 1045 idemalii
801 987 1132 1046 demonstrativum

117 1080 233 1136 vocant.
257 1079 417 1151 utrumque
441 1095 547 1135 nornen
571 1096 605 1135 ex
625 1075 735 1135 Graeco
755 1076 886 1134 creditur
902 1075 1037 1152 fluxiss03
1061 1095 1132 1134 nam
1147 1095 1172 1135 u

66 1162 102 1216 13
118 1162 346 1244 ἐγκωμιαστικόν
366 1168 418 1223 aut
431 1163 624 1224 ε’πιδεικτικόν
643 1165 753 1224 dicunt.
777 1164 828 1223 sed
846 1165 922 1224 mihi
936 1162 1132 1225 ἐπιδεικτικόν

117 1273 176 1312 non
200 1256 262 1312 tam
287 1253 546 1314 demonstrationis
575 1255 637 1313 vim
664 1253 773 1312 habere
804 1273 895 1330 quarn
921 1254 1134 1314 ostentationis

117 1342 237 1402 videtur
260 1345 289 1401 et
312 1342 439 1401 multum
464 1344 500 1401 ab
523 1344 576 1401 illo
600 1341 816 1425 ἐγκωμιαστικῷ
841 1342 972 1421 differre,
1000 1361 1073 1401 nam
1100 1345 1135 1401 ut

118 1434 250 1490 continet
273 1431 462 1490 laudativum
484 1433 516 1488 in
539 1450 570 1490 se
593 1450 695 1507 genus,
717 1432 761 1490 ita
783 1451 842 1490 non
865 1433 947 1491 intra
965 1432 1022 1490 hoc
1036 1432 1136 1490 solum

65 1515 104 1571 14
119 1522 262 1579 consistit.
286 1539 325 1578 an
349 1522 506 1595 qnisquam
528 1520 683 1598 negaverit
705 1522 901 1598 panegyricos
920 1518 1136 1592 ἐπιδεικτικούς
1150 1538 1175 1580 re

119 1607 204 1667 esse?
240 1611 326 1685 atqui
356 1610 483 1668 formam
512 1609 655 1668 suadendi
684 1610 795 1668 habeut
832 1614 861 1668 et
891 1609 1069 1686 plerumque
1099 1610 1136 1668 de

118 1697 300 1759 utilitatibus
321 1695 462 1757 Graeciae
476 1699 654 1774 loquuntur:
669 1700 704 1756 ut
717 1717 875 1757 causarum
888 1698 1011 1774 quidem
1024 1716 1137 1776 genera

74 1806 81 1853 ἡ
118 1788 178 1845 tria
201 1788 270 1859 sint,
293 1787 344 1845 sed
367 1806 403 1845 ea
425 1789 490 1844 tum
513 1787 545 1845 in
568 1789 704 1865 negotiis,
726 1791 792 1845 tum
814 1789 845 1845 in
861 1789 1064 1847 ostentatione
1083 1807 1136 1863 po·

120 1876 186 1934 sita.
209 1876 267 1934 nisi
291 1876 367 1934 forte
389 1895 450 1934 non
481 1895 516 1934 ex
546 1874 657 1936 Graeco
684 1879 835 1934 mutantes
863 1877 1137 1935 demonstrativum

119 1967 239 2038 vocant,
271 1984 375 2023 verum
406 1964 438 2022 id
468 1969 648 2040 sequuntur,
679 1965 758 2040 quod
787 1967 852 2024 laus
883 1982 918 2023 ac
947 1967 1178 2039 vituperatione

66 2050 103 2104 15
119 2054 207 2130 quale
230 2056 269 2113 sit
293 2053 424 2129 quidque
447 2053 638 2112 demonstrat.
661 2054 802 2112 >alterurn
826 2055 872 2112 est
895 2053 1138 2127 deliberativum,

118 2145 241 2202 tertium
274 2142 422 2202 iudiciale
453 2146 567 2202 ceterae
599 2145 710 2218 species
740 2145 772 2200 in
804 2144 877 2202 haec
908 2144 970 2202 tria
1000 2143 1138 2202 incident

120 2251 243 2309 genera:
275 2250 330 2290 uec
352 2232 522 2290 invenietur
545 2251 579 2289 ex
602 2232 648 2290 his
672 2232 744 2305 ulla,
772 2231 804 2290 in
833 2251 893 2307 qua
919 2252 984 2291 non:
1009 2232 1138 2291 laudare

120 2324 173 2378 aut
195 2321 374 2395 vituperare,
398 2321 520 2379 suadere
544 2323 597 2378 aut
619 2320 799 2394 dissuadere,
821 2319 981 2379 intendere
995 2320 1070 2396 q'uid
1089 2322 1139 2381 vel

120 2409 266 2483 depellere
285 2409 450 2468 debeamus.
474 2409 529 2466 illa
548 2429 665 2485 quoque
684 2412 754 2467 sunt
772 2411 950 2484 communie,
964 2409 1138 2485 conciliare,
1153 2430 1178 2470 se

120 2516 251 2572 narrare,
271 2498 383 2571 docere,
399 2517 516 2574 augere,
530 2501 671 2571 minuere,
687 2498 871 2556 concitandis
886 2498 1137 2573 componendisve

68 2580 106 2634 1ss
122 2586 287 2645 adfectibus
312 2589 426 2646 animos
450 2587 636 2645 audientium
654 2587 772 2665 fingere.
796 2606 833 2645 ne
846 2587 883 2645 iis
898 2586 1020 2661 quidem
1031 2606 1140 2648 accos-

122 2677 218 2749 serim,
242 2678 295 2750 qui
308 2675 493 2734 laudativum
512 2679 668 2734 materiam
687 2676 887 2751 bonestorum,
906 2671 1139 2737 deliberativam

121 2764 250 2837 utilium,
272 2765 443 2823 iudicialem
466 2766 612 2823 iustorum
636 2767 811 2840 quaestione
842 2764 988 2824 contineri
1016 2768 1139 2840 putant,

122 2854 210 2912 celeri
224 2853 319 2930 magis
338 2872 372 2912 ac
390 2854 521 2912 rotunda
539 2855 584 2912 usi
604 2853 814 2912 distributione
834 2872 925 2929 quam
942 2872 1024 2913 vera.
1052 2857 1140 2914 stant
1154 2875 1179 2916 so

122 2944 200 3000 enim
229 2942 358 3017 quodam
388 2941 475 3000 modo
506 2942 617 3001 mutuis
648 2942 766 3001 auxiliis
797 2945 911 3019 omnia3
935 2961 1015 3001 num
1042 2948 1075 3002 et
1107 2945 1140 3002 in

121 3031 209 3090 laude
232 3033 349 3090 iustitia
371 3031 547 3106 utilitasque
570 3034 718 3090 tractatur
741 3036 771 3090 et
789 3033 820 3089 in
839 3031 971 3093 consiliis
984 3031 1141 3106 honestae,

122 3144 245 3151 u...—

194 3350 209 3396 ὁ
228 3344 332 3413 inesse]
353 3360 412 3397 esse
431 3353 452 3394 A
516 3349 531 3396 6
550 3342 697 3414 plurimos]
717 3342 812 3412 plures
832 3352 859 3394 P
919 3348 951 3397 19
971 3346 1141 3400 mutuantes

107 3417 248 3554 edm?
263 3423 399 3486 repupuot
426 3415 526 3469 Seneca
550 3415 604 3483 Ep.
625 3418 670 3481 58,
699 3418 717 3467 7
833 3419 867 3466 32
893 3415 1052 3469 bmtantnr
1080 3432 1141 3472 rece
