<?xml version="1.0" encoding="UTF-8"?>
<!DOCTYPE html PUBLIC "-//W3C//DTD XHTML 1.0 Transitional//EN"
    "http://www.w3.org/TR/xhtml1/DTD/xhtml1-transitional.dtd">
<html xmlns="http://www.w3.org/1999/xhtml" xml:lang="en" lang="en">
 <head>
  <title>
</title>
<meta http-equiv="Content-Type" content="text/html;charset=utf-8" />
  <meta name='ocr-system' content='tesseract 3.04.00' />
  <meta name='ocr-capabilities' content='ocr_page ocr_carea ocr_par ocr_line ocrx_word'/>
</head>
<body>
  <div class='ocr_page' id='page_1' title='image "./mfabiqvintilian00quingoog_0051.png"; bbox 0 0 2460 3854; ppageno 0'>
   <div class='ocr_carea' id='block_1_1' title="bbox 150 140 866 207">
    <p class='ocr_par' dir='ltr' id='par_1_1' title="bbox 150 140 866 207">
     <span class='ocr_line' id='line_1_1' title="bbox 150 140 866 207; baseline -0.018 0"><span class='ocrx_word' id='word_1_1' title='bbox 150 144 193 207; x_wconf 74' lang='lat'>32</span> <span class='ocrx_word' id='word_1_2' title='bbox 452 140 680 206; x_wconf 78' lang='lat' dir='ltr'><strong>QVINTILIANI</strong></span> <span class='ocrx_word' id='word_1_3' title='bbox 697 141 788 196; x_wconf 82' lang='lat' dir='ltr'><strong>INST.</strong></span> <span class='ocrx_word' id='word_1_4' title='bbox 809 141 866 195; x_wconf 76' lang='grc' dir='ltr'>ΟΒ.</span> 
     </span>
    </p>
   </div>
   <div class='ocr_carea' id='block_1_2' title="bbox 93 310 1212 2978">
    <p class='ocr_par' dir='ltr' id='par_1_2' title="bbox 149 310 1169 386">
     <span class='ocr_line' id='line_1_2' title="bbox 149 310 1169 386; baseline -0.001 -16"><span class='ocrx_word' id='word_1_5' title='bbox 149 315 251 386; x_wconf 88' lang='lat' dir='ltr'>itaque</span> <span class='ocrx_word' id='word_1_6' title='bbox 278 313 436 386; x_wconf 75' lang='lat' dir='ltr'><strong>tamquam</strong></span> <span class='ocrx_word' id='word_1_7' title='bbox 462 313 494 369; x_wconf 86' lang='lat' dir='ltr'>in</span> <span class='ocrx_word' id='word_1_8' title='bbox 520 331 581 370; x_wconf 91' lang='lat' dir='ltr'>una</span> <span class='ocrx_word' id='word_1_9' title='bbox 608 330 680 370; x_wconf 87' lang='lat' dir='ltr'>voce</span> <span class='ocrx_word' id='word_1_10' title='bbox 708 331 767 369; x_wconf 90' lang='lat' dir='ltr'>una</span> <span class='ocrx_word' id='word_1_11' title='bbox 790 314 836 370; x_wconf 91' lang='lat' dir='ltr'>est</span> <span class='ocrx_word' id='word_1_12' title='bbox 859 313 957 385; x_wconf 84' lang='lat' dir='ltr'>acuta,</span> <span class='ocrx_word' id='word_1_13' title='bbox 988 310 1068 386; x_wconf 88' lang='lat' dir='ltr'>quod</span> <span class='ocrx_word' id='word_1_14' title='bbox 1091 311 1169 370; x_wconf 87' lang='lat' dir='ltr'>idam</span> 
     </span>
    </p>

    <p class='ocr_par' dir='ltr' id='par_1_3' title="bbox 93 401 390 460">
     <span class='ocr_line' id='line_1_3' title="bbox 93 401 390 460; baseline -0.01 1"><span class='ocrx_word' id='word_1_15' title='bbox 93 441 96 447; x_wconf 73' lang='lat'>‚</span> <span class='ocrx_word' id='word_1_16' title='bbox 151 401 260 460; x_wconf 83' lang='lat' dir='ltr'>accidit</span> <span class='ocrx_word' id='word_1_17' title='bbox 282 403 314 458; x_wconf 88' lang='lat' dir='ltr'>in</span> <span class='ocrx_word' id='word_1_18' title='bbox 336 401 390 458; x_wconf 85' lang='lat' dir='ltr'>illo</span> 
     </span>
    </p>

    <p class='ocr_par' dir='ltr' id='par_1_4' title="bbox 96 482 1203 743">
     <span class='ocr_line' id='line_1_4' title="bbox 424 482 898 565; baseline -0.002 -18"><span class='ocrx_word' id='word_1_19' title='bbox 424 489 531 548; x_wconf 83' lang='lat' dir='ltr'>Troiae</span> <span class='ocrx_word' id='word_1_20' title='bbox 556 491 608 564; x_wconf 90' lang='lat' dir='ltr'>qui</span> <span class='ocrx_word' id='word_1_21' title='bbox 630 491 746 565; x_wconf 87' lang='lat' dir='ltr'>primus</span> <span class='ocrx_word' id='word_1_22' title='bbox 770 489 806 548; x_wconf 86' lang='lat' dir='ltr'>ab</span> <span class='ocrx_word' id='word_1_23' title='bbox 831 482 898 548; x_wconf 74' lang='lat' dir='ltr'>bris.</span> 
     </span>
     <span class='ocr_line' id='line_1_5' title="bbox 96 579 1036 654; baseline -0.002 -17"><span class='ocrx_word' id='word_1_24' title='bbox 96 580 137 637; x_wconf 75' lang='lat'>28</span> <span class='ocrx_word' id='word_1_25' title='bbox 151 581 260 653; x_wconf 81' lang='lat' dir='ltr'>evenit,</span> <span class='ocrx_word' id='word_1_26' title='bbox 282 582 317 637; x_wconf 92' lang='lat' dir='ltr'>ut</span> <span class='ocrx_word' id='word_1_27' title='bbox 340 580 429 637; x_wconf 88' lang='lat' dir='ltr'>metri</span> <span class='ocrx_word' id='word_1_28' title='bbox 452 596 569 654; x_wconf 89' lang='lat' dir='ltr'>quoque</span> <span class='ocrx_word' id='word_1_29' title='bbox 592 579 726 638; x_wconf 89' lang='lat' dir='ltr'>condicio</span> <span class='ocrx_word' id='word_1_30' title='bbox 749 581 846 637; x_wconf 90' lang='lat' dir='ltr'>mutet</span> <span class='ocrx_word' id='word_1_31' title='bbox 868 579 1036 636; x_wconf 90' lang='lat' dir='ltr'>accentum:</span> 
     </span>
     <span class='ocr_line' id='line_1_6' title="bbox 423 662 1203 743; baseline 0.004 -18"><span class='ocrx_word' id='word_1_32' title='bbox 423 667 550 742; x_wconf 88' lang='lat' dir='ltr'>pecudes</span> <span class='ocrx_word' id='word_1_33' title='bbox 573 670 732 743; x_wconf 79' lang='lat' dir='ltr'>pictaeque</span> <span class='ocrx_word' id='word_1_34' title='bbox 754 662 898 726; x_wconf 78' lang='lat' dir='ltr'>voh&#39;rcres.</span> <span class='ocrx_word' id='word_1_35' title='bbox 1194 688 1203 728; x_wconf 79' lang='lat' dir='ltr'>s</span> 
     </span>
    </p>

    <p class='ocr_par' dir='ltr' id='par_1_5' title="bbox 151 751 1173 923">
     <span class='ocr_line' id='line_1_7' title="bbox 151 751 1173 834; baseline 0.002 -20"><span class='ocrx_word' id='word_1_36' title='bbox 151 776 222 814; x_wconf 87' lang='lat' dir='ltr'>nam</span> <span class='ocrx_word' id='word_1_37' title='bbox 241 751 397 816; x_wconf 81' lang='lat' dir='ltr'>‘volucres’</span> <span class='ocrx_word' id='word_1_38' title='bbox 412 756 511 815; x_wconf 86' lang='lat' dir='ltr'>media</span> <span class='ocrx_word' id='word_1_39' title='bbox 530 758 619 815; x_wconf 87' lang='lat' dir='ltr'>acuta</span> <span class='ocrx_word' id='word_1_40' title='bbox 636 757 744 834; x_wconf 81' lang='lat' dir='ltr'>legam,</span> <span class='ocrx_word' id='word_1_41' title='bbox 763 759 842 832; x_wconf 88' lang='lat' dir='ltr'>quia,</span> <span class='ocrx_word' id='word_1_42' title='bbox 862 758 918 816; x_wconf 87' lang='lat' dir='ltr'>etsi</span> <span class='ocrx_word' id='word_1_43' title='bbox 936 758 1045 815; x_wconf 85' lang='lat' dir='ltr'>natura</span> <span class='ocrx_word' id='word_1_44' title='bbox 1064 756 1173 832; x_wconf 86' lang='lat' dir='ltr'>brevis,</span> 
     </span>
     <span class='ocr_line' id='line_1_8' title="bbox 151 845 1173 923; baseline 0 -19"><span class='ocrx_word' id='word_1_45' title='bbox 151 849 253 904; x_wconf 86' lang='lat' dir='ltr'>tamen</span> <span class='ocrx_word' id='word_1_46' title='bbox 279 848 427 920; x_wconf 74' lang='lat' dir='ltr'>positione</span> <span class='ocrx_word' id='word_1_47' title='bbox 455 846 546 923; x_wconf 85' lang='lat' dir='ltr'>longa</span> <span class='ocrx_word' id='word_1_48' title='bbox 574 849 627 921; x_wconf 85' lang='lat' dir='ltr'>est,</span> <span class='ocrx_word' id='word_1_49' title='bbox 654 866 692 905; x_wconf 91' lang='lat' dir='ltr'>ne</span> <span class='ocrx_word' id='word_1_50' title='bbox 714 847 808 906; x_wconf 88' lang='lat' dir='ltr'>faciat</span> <span class='ocrx_word' id='word_1_51' title='bbox 830 845 973 919; x_wconf 87' lang='lat' dir='ltr'>iambum,</span> <span class='ocrx_word' id='word_1_52' title='bbox 1000 865 1087 921; x_wconf 88' lang='lat' dir='ltr'>quem</span> <span class='ocrx_word' id='word_1_53' title='bbox 1113 865 1173 905; x_wconf 92' lang='lat' dir='ltr'>non</span> 
     </span>
    </p>

    <p class='ocr_par' dir='ltr' id='par_1_6' title="bbox 98 934 1205 1280">
     <span class='ocr_line' id='line_1_9' title="bbox 98 934 1173 1011; baseline 0 -17"><span class='ocrx_word' id='word_1_54' title='bbox 98 937 138 994; x_wconf 73' lang='grc'>29</span> <span class='ocrx_word' id='word_1_55' title='bbox 151 936 260 1010; x_wconf 82' lang='lat' dir='ltr'>recipit</span> <span class='ocrx_word' id='word_1_56' title='bbox 277 953 380 994; x_wconf 83' lang='lat' dir='ltr'>versus</span> <span class='ocrx_word' id='word_1_57' title='bbox 398 934 513 994; x_wconf 88' lang='lat' dir='ltr'>herous.</span> <span class='ocrx_word' id='word_1_58' title='bbox 538 938 676 1011; x_wconf 89' lang='lat' dir='ltr'>separata</span> <span class='ocrx_word' id='word_1_59' title='bbox 691 955 762 994; x_wconf 85' lang='lat' dir='ltr'>vero</span> <span class='ocrx_word' id='word_1_60' title='bbox 775 935 849 994; x_wconf 90' lang='lat' dir='ltr'>haec</span> <span class='ocrx_word' id='word_1_61' title='bbox 864 955 882 993; x_wconf 91' lang='lat' dir='ltr'>a</span> <span class='ocrx_word' id='word_1_62' title='bbox 896 938 1054 1011; x_wconf 89' lang='lat' dir='ltr'>praecepto</span> <span class='ocrx_word' id='word_1_63' title='bbox 1068 938 1173 995; x_wconf 88' lang='lat' dir='ltr'>nostro</span> 
     </span>
     <span class='ocr_line' id='line_1_10' title="bbox 152 1023 1174 1100; baseline 0.003 -19"><span class='ocrx_word' id='word_1_64' title='bbox 152 1043 213 1082; x_wconf 91' lang='lat' dir='ltr'>non</span> <span class='ocrx_word' id='word_1_65' title='bbox 231 1023 376 1098; x_wconf 81' lang='lat' dir='ltr'>recedent,</span> <span class='ocrx_word' id='word_1_66' title='bbox 400 1026 453 1082; x_wconf 90' lang='lat' dir='ltr'>aut</span> <span class='ocrx_word' id='word_1_67' title='bbox 476 1026 503 1083; x_wconf 92' lang='lat' dir='ltr'>si</span> <span class='ocrx_word' id='word_1_68' title='bbox 521 1024 702 1084; x_wconf 75' lang='lat' dir='ltr'>consuetudo</span> <span class='ocrx_word' id='word_1_69' title='bbox 720 1026 834 1100; x_wconf 82' lang='lat' dir='ltr'>vicerit,</span> <span class='ocrx_word' id='word_1_70' title='bbox 858 1027 943 1083; x_wconf 83' lang='lat' dir='ltr'>vetus</span> <span class='ocrx_word' id='word_1_71' title='bbox 962 1024 1009 1083; x_wconf 85' lang='lat' dir='ltr'>lex</span> <span class='ocrx_word' id='word_1_72' title='bbox 1028 1027 1174 1084; x_wconf 88' lang='lat' dir='ltr'>sermonis</span> 
     </span>
     <span class='ocr_line' id='line_1_11' title="bbox 153 1112 1205 1189; baseline 0.005 -19"><span class='ocrx_word' id='word_1_73' title='bbox 153 1113 329 1172; x_wconf 79' lang='lat' dir='ltr'>abolebitur.</span> <span class='ocrx_word' id='word_1_74' title='bbox 367 1115 450 1171; x_wconf 89' lang='lat' dir='ltr'>cuius</span> <span class='ocrx_word' id='word_1_75' title='bbox 478 1113 629 1172; x_wconf 84' lang='lat' dir='ltr'>difficilior</span> <span class='ocrx_word' id='word_1_76' title='bbox 658 1114 738 1189; x_wconf 88' lang='lat' dir='ltr'>apud</span> <span class='ocrx_word' id='word_1_77' title='bbox 766 1112 893 1174; x_wconf 84' lang='lat' dir='ltr'>Graecos</span> <span class='ocrx_word' id='word_1_78' title='bbox 922 1113 1090 1172; x_wconf 83' lang='lat' dir='ltr'>obseruatio</span> <span class='ocrx_word' id='word_1_79' title='bbox 1120 1116 1205 1189; x_wconf 70' lang='lat' dir='ltr'>estu</span> 
     </span>
     <span class='ocr_line' id='line_1_12' title="bbox 154 1199 1175 1280; baseline 0.004 -21"><span class='ocrx_word' id='word_1_80' title='bbox 154 1203 226 1276; x_wconf 92' lang='lat' dir='ltr'>quia</span> <span class='ocrx_word' id='word_1_81' title='bbox 252 1202 340 1277; x_wconf 89' lang='lat' dir='ltr'>plura</span> <span class='ocrx_word' id='word_1_82' title='bbox 366 1204 428 1261; x_wconf 88' lang='lat' dir='ltr'>illis</span> <span class='ocrx_word' id='word_1_83' title='bbox 452 1202 596 1278; x_wconf 83' lang='lat' dir='ltr'>loquendi</span> <span class='ocrx_word' id='word_1_84' title='bbox 618 1223 736 1280; x_wconf 86' lang='lat' dir='ltr'>genera,</span> <span class='ocrx_word' id='word_1_85' title='bbox 764 1222 839 1278; x_wconf 91' lang='lat' dir='ltr'>quas</span> <span class='ocrx_word' id='word_1_86' title='bbox 863 1199 1032 1273; x_wconf 81' lang='grc' dir='ltr'><strong><em>διαλέκτους</em></strong></span> <span class='ocrx_word' id='word_1_87' title='bbox 1054 1205 1175 1278; x_wconf 77' lang='lat' dir='ltr'>vocant,</span> 
     </span>
    </p>

    <p class='ocr_par' dir='ltr' id='par_1_7' title="bbox 112 1291 1176 1369">
     <span class='ocr_line' id='line_1_13' title="bbox 112 1291 1176 1369; baseline 0.002 -21"><span class='ocrx_word' id='word_1_88' title='bbox 112 1320 115 1324; x_wconf 20' lang='grc' dir='ltr'><em>Α</em></span> <span class='ocrx_word' id='word_1_89' title='bbox 154 1295 183 1349; x_wconf 89' lang='lat' dir='ltr'>et</span> <span class='ocrx_word' id='word_1_90' title='bbox 214 1291 294 1366; x_wconf 83' lang='lat' dir='ltr'>quod</span> <span class='ocrx_word' id='word_1_91' title='bbox 323 1291 399 1350; x_wconf 86' lang='lat' dir='ltr'>alias</span> <span class='ocrx_word' id='word_1_92' title='bbox 426 1293 577 1368; x_wconf 83' lang='lat' dir='ltr'>vitiosum,</span> <span class='ocrx_word' id='word_1_93' title='bbox 607 1294 728 1351; x_wconf 83' lang='lat' dir='ltr'>interim</span> <span class='ocrx_word' id='word_1_94' title='bbox 757 1294 832 1351; x_wconf 87' lang='lat' dir='ltr'>alias</span> <span class='ocrx_word' id='word_1_95' title='bbox 859 1296 975 1351; x_wconf 91' lang='lat' dir='ltr'>rectum</span> <span class='ocrx_word' id='word_1_96' title='bbox 997 1295 1051 1351; x_wconf 86' lang='lat' dir='ltr'>est.</span> <span class='ocrx_word' id='word_1_97' title='bbox 1094 1292 1176 1369; x_wconf 84' lang='lat' dir='ltr'>apud</span> 
     </span>
    </p>

    <p class='ocr_par' dir='ltr' id='par_1_8' title="bbox 99 1380 1206 1905">
     <span class='ocr_line' id='line_1_14' title="bbox 99 1380 1175 1457; baseline -0.001 -14"><span class='ocrx_word' id='word_1_98' title='bbox 99 1387 139 1443; x_wconf 79' lang='grc'>80</span> <span class='ocrx_word' id='word_1_99' title='bbox 154 1399 207 1438; x_wconf 86' lang='lat' dir='ltr'>nos</span> <span class='ocrx_word' id='word_1_100' title='bbox 237 1400 307 1439; x_wconf 82' lang='lat' dir='ltr'>vero</span> <span class='ocrx_word' id='word_1_101' title='bbox 338 1380 515 1440; x_wconf 87' lang='lat' dir='ltr'>brevissima</span> <span class='ocrx_word' id='word_1_102' title='bbox 543 1384 631 1441; x_wconf 90' lang='lat' dir='ltr'>ratio.</span> <span class='ocrx_word' id='word_1_103' title='bbox 673 1401 801 1457; x_wconf 92' lang='lat' dir='ltr'>namque</span> <span class='ocrx_word' id='word_1_104' title='bbox 828 1381 967 1442; x_wconf 89' lang='lat' dir='ltr'>inomni</span> <span class='ocrx_word' id='word_1_105' title='bbox 989 1398 1061 1440; x_wconf 86' lang='lat' dir='ltr'>voce</span> <span class='ocrx_word' id='word_1_106' title='bbox 1086 1384 1175 1441; x_wconf 87' lang='lat' dir='ltr'>acuta</span> 
     </span>
     <span class='ocr_line' id='line_1_15' title="bbox 153 1470 1175 1548; baseline 0.003 -21"><span class='ocrx_word' id='word_1_107' title='bbox 153 1471 235 1528; x_wconf 85' lang='lat' dir='ltr'>intra</span> <span class='ocrx_word' id='word_1_108' title='bbox 258 1489 413 1528; x_wconf 88' lang='lat' dir='ltr'>numerum</span> <span class='ocrx_word' id='word_1_109' title='bbox 435 1471 529 1529; x_wconf 82' lang='lat' dir='ltr'>trium</span> <span class='ocrx_word' id='word_1_110' title='bbox 547 1471 731 1548; x_wconf 87' lang='lat' dir='ltr'>syllabarum</span> <span class='ocrx_word' id='word_1_111' title='bbox 750 1473 928 1545; x_wconf 84' lang='lat' dir='ltr'>continetur,</span> <span class='ocrx_word' id='word_1_112' title='bbox 951 1470 1013 1538; x_wconf 85' lang='lat' dir='ltr'>sive</span> <span class='ocrx_word' id='word_1_113' title='bbox 1031 1489 1085 1530; x_wconf 86' lang='lat' dir='ltr'>eae</span> <span class='ocrx_word' id='word_1_114' title='bbox 1104 1474 1175 1531; x_wconf 86' lang='lat' dir='ltr'>sunt</span> 
     </span>
     <span class='ocr_line' id='line_1_16' title="bbox 153 1559 1206 1636; baseline 0.005 -20"><span class='ocrx_word' id='word_1_115' title='bbox 153 1561 186 1616; x_wconf 87' lang='lat' dir='ltr'>in</span> <span class='ocrx_word' id='word_1_116' title='bbox 208 1559 298 1617; x_wconf 88' lang='lat' dir='ltr'>verbo</span> <span class='ocrx_word' id='word_1_117' title='bbox 322 1559 403 1618; x_wconf 87' lang='lat' dir='ltr'>solae</span> <span class='ocrx_word' id='word_1_118' title='bbox 426 1561 489 1619; x_wconf 84' lang='lat' dir='ltr'>sive</span> <span class='ocrx_word' id='word_1_119' title='bbox 511 1561 646 1636; x_wconf 87' lang='lat' dir='ltr'>ultimae,</span> <span class='ocrx_word' id='word_1_120' title='bbox 674 1564 704 1620; x_wconf 91' lang='lat' dir='ltr'>et</span> <span class='ocrx_word' id='word_1_121' title='bbox 726 1563 759 1619; x_wconf 89' lang='lat' dir='ltr'>in</span> <span class='ocrx_word' id='word_1_122' title='bbox 781 1561 819 1620; x_wconf 91' lang='lat' dir='ltr'>iis</span> <span class='ocrx_word' id='word_1_123' title='bbox 844 1563 897 1620; x_wconf 91' lang='lat' dir='ltr'>aut</span> <span class='ocrx_word' id='word_1_124' title='bbox 919 1561 1056 1636; x_wconf 86' lang='lat' dir='ltr'>proxima</span> <span class='ocrx_word' id='word_1_125' title='bbox 1080 1563 1206 1621; x_wconf 84' lang='lat' dir='ltr'>extre-u</span> 
     </span>
     <span class='ocr_line' id='line_1_17' title="bbox 154 1648 1175 1726; baseline 0.003 -21"><span class='ocrx_word' id='word_1_126' title='bbox 154 1666 220 1706; x_wconf 87' lang='lat' dir='ltr'>mae</span> <span class='ocrx_word' id='word_1_127' title='bbox 251 1650 304 1706; x_wconf 84' lang='lat' dir='ltr'>aut</span> <span class='ocrx_word' id='word_1_128' title='bbox 334 1648 371 1707; x_wconf 88' lang='lat' dir='ltr'>ab</span> <span class='ocrx_word' id='word_1_129' title='bbox 402 1667 437 1707; x_wconf 89' lang='lat' dir='ltr'>ea</span> <span class='ocrx_word' id='word_1_130' title='bbox 467 1651 565 1709; x_wconf 86' lang='lat' dir='ltr'>tertia.</span> <span class='ocrx_word' id='word_1_131' title='bbox 605 1653 699 1708; x_wconf 82' lang='lat' dir='ltr'>trium</span> <span class='ocrx_word' id='word_1_132' title='bbox 727 1669 826 1725; x_wconf 88' lang='lat' dir='ltr'>porro,</span> <span class='ocrx_word' id='word_1_133' title='bbox 858 1649 894 1709; x_wconf 89' lang='lat' dir='ltr'>de</span> <span class='ocrx_word' id='word_1_134' title='bbox 922 1650 1029 1726; x_wconf 91' lang='lat' dir='ltr'>quibus</span> <span class='ocrx_word' id='word_1_135' title='bbox 1057 1650 1175 1726; x_wconf 82' lang='lat' dir='ltr'>loquor,</span> 
     </span>
     <span class='ocr_line' id='line_1_18' title="bbox 153 1736 1175 1814; baseline 0.006 -20"><span class='ocrx_word' id='word_1_136' title='bbox 153 1736 253 1795; x_wconf 86' lang='lat' dir='ltr'>media</span> <span class='ocrx_word' id='word_1_137' title='bbox 279 1737 371 1814; x_wconf 83' lang='lat' dir='ltr'>longa</span> <span class='ocrx_word' id='word_1_138' title='bbox 399 1740 452 1797; x_wconf 89' lang='lat' dir='ltr'>aut</span> <span class='ocrx_word' id='word_1_139' title='bbox 479 1742 568 1797; x_wconf 91' lang='lat' dir='ltr'>acuta</span> <span class='ocrx_word' id='word_1_140' title='bbox 592 1742 645 1798; x_wconf 89' lang='lat' dir='ltr'>aut</span> <span class='ocrx_word' id='word_1_141' title='bbox 666 1739 742 1799; x_wconf 82' lang='lat' dir='ltr'>flexa</span> <span class='ocrx_word' id='word_1_142' title='bbox 765 1741 831 1814; x_wconf 88' lang='lat' dir='ltr'>erit,</span> <span class='ocrx_word' id='word_1_143' title='bbox 861 1739 965 1798; x_wconf 87' lang='lat' dir='ltr'>eodem</span> <span class='ocrx_word' id='word_1_144' title='bbox 986 1739 1053 1799; x_wconf 87' lang='lat' dir='ltr'>loco</span> <span class='ocrx_word' id='word_1_145' title='bbox 1076 1738 1175 1800; x_wconf 84' lang='lat' dir='ltr'>brevis</span> 
     </span>
     <span class='ocr_line' id='line_1_19' title="bbox 154 1827 1176 1905; baseline 0.004 -22"><span class='ocrx_word' id='word_1_146' title='bbox 154 1827 258 1901; x_wconf 89' lang='lat' dir='ltr'>utique</span> <span class='ocrx_word' id='word_1_147' title='bbox 289 1846 410 1903; x_wconf 85' lang='lat' dir='ltr'>gravem</span> <span class='ocrx_word' id='word_1_148' title='bbox 440 1827 562 1887; x_wconf 89' lang='lat' dir='ltr'>habebit</span> <span class='ocrx_word' id='word_1_149' title='bbox 589 1847 703 1903; x_wconf 88' lang='lat' dir='ltr'>sonum,</span> <span class='ocrx_word' id='word_1_150' title='bbox 732 1828 858 1905; x_wconf 87' lang='lat' dir='ltr'>ideoque</span> <span class='ocrx_word' id='word_1_151' title='bbox 886 1830 1018 1903; x_wconf 88' lang='lat' dir='ltr'>positam</span> <span class='ocrx_word' id='word_1_152' title='bbox 1040 1831 1112 1887; x_wconf 86' lang='lat' dir='ltr'>ante</span> <span class='ocrx_word' id='word_1_153' title='bbox 1137 1847 1176 1904; x_wconf 86' lang='lat' dir='ltr'>se,</span> 
     </span>
    </p>

    <p class='ocr_par' dir='ltr' id='par_1_9' title="bbox 100 1915 1208 2351">
     <span class='ocr_line' id='line_1_20' title="bbox 100 1915 1176 1994; baseline 0 -16"><span class='ocrx_word' id='word_1_154' title='bbox 100 1915 254 1980; x_wconf 70' lang='lat' dir='ltr'>aliaest</span> <span class='ocrx_word' id='word_1_155' title='bbox 277 1915 315 1974; x_wconf 91' lang='lat' dir='ltr'>ab</span> <span class='ocrx_word' id='word_1_156' title='bbox 338 1916 447 1974; x_wconf 89' lang='lat' dir='ltr'>ultima</span> <span class='ocrx_word' id='word_1_157' title='bbox 469 1919 599 1994; x_wconf 84' lang='lat' dir='ltr'>tertiam,</span> <span class='ocrx_word' id='word_1_158' title='bbox 623 1922 717 1978; x_wconf 88' lang='lat' dir='ltr'>acuet.</span> <span class='ocrx_word' id='word_1_159' title='bbox 750 1920 795 1977; x_wconf 89' lang='lat' dir='ltr'>est</span> <span class='ocrx_word' id='word_1_160' title='bbox 818 1920 920 1977; x_wconf 89' lang='lat' dir='ltr'>autem</span> <span class='ocrx_word' id='word_1_161' title='bbox 942 1920 975 1975; x_wconf 88' lang='lat' dir='ltr'>in</span> <span class='ocrx_word' id='word_1_162' title='bbox 998 1919 1082 1976; x_wconf 87' lang='lat' dir='ltr'>omni</span> <span class='ocrx_word' id='word_1_163' title='bbox 1104 1936 1176 1978; x_wconf 86' lang='lat' dir='ltr'>voce</span> 
     </span>
     <span class='ocr_line' id='line_1_21' title="bbox 154 2005 1208 2084; baseline 0.005 -21"><span class='ocrx_word' id='word_1_164' title='bbox 154 2006 258 2080; x_wconf 87' lang='lat' dir='ltr'>utique</span> <span class='ocrx_word' id='word_1_165' title='bbox 283 2008 382 2079; x_wconf 84' lang='lat' dir='ltr'>acuta,</span> <span class='ocrx_word' id='word_1_166' title='bbox 406 2005 457 2064; x_wconf 86' lang='lat' dir='ltr'>sed</span> <span class='ocrx_word' id='word_1_167' title='bbox 474 2027 637 2082; x_wconf 90' lang='lat' dir='ltr'>numquam</span> <span class='ocrx_word' id='word_1_168' title='bbox 656 2007 726 2083; x_wconf 89' lang='lat' dir='ltr'>plus</span> <span class='ocrx_word' id='word_1_169' title='bbox 744 2026 805 2066; x_wconf 91' lang='lat' dir='ltr'>una</span> <span class='ocrx_word' id='word_1_170' title='bbox 823 2026 878 2066; x_wconf 90' lang='lat' dir='ltr'>nec</span> <span class='ocrx_word' id='word_1_171' title='bbox 896 2026 1040 2083; x_wconf 88' lang='lat' dir='ltr'>umquam</span> <span class='ocrx_word' id='word_1_172' title='bbox 1057 2007 1175 2084; x_wconf 79' lang='lat' dir='ltr'>ultima,</span> <span class='ocrx_word' id='word_1_173' title='bbox 1187 2027 1208 2068; x_wconf 77' lang='lat' dir='ltr'>a</span> 
     </span>
     <span class='ocr_line' id='line_1_22' title="bbox 154 2094 1176 2172; baseline 0.003 -19"><span class='ocrx_word' id='word_1_174' title='bbox 154 2094 280 2170; x_wconf 89' lang='lat' dir='ltr'>ideoque</span> <span class='ocrx_word' id='word_1_175' title='bbox 302 2095 335 2152; x_wconf 90' lang='lat' dir='ltr'>in</span> <span class='ocrx_word' id='word_1_176' title='bbox 358 2094 514 2171; x_wconf 82' lang='lat' dir='ltr'>disyllabis</span> <span class='ocrx_word' id='word_1_177' title='bbox 537 2099 628 2171; x_wconf 89' lang='lat' dir='ltr'>prior.</span> <span class='ocrx_word' id='word_1_178' title='bbox 660 2099 815 2172; x_wconf 89' lang='lat' dir='ltr'>praeterea</span> <span class='ocrx_word' id='word_1_179' title='bbox 837 2115 1002 2172; x_wconf 88' lang='lat' dir='ltr'>numquam</span> <span class='ocrx_word' id='word_1_180' title='bbox 1019 2098 1053 2155; x_wconf 91' lang='lat' dir='ltr'>in</span> <span class='ocrx_word' id='word_1_181' title='bbox 1072 2096 1176 2156; x_wconf 86' lang='lat' dir='ltr'>eadem</span> 
     </span>
     <span class='ocr_line' id='line_1_23' title="bbox 155 2183 1176 2261; baseline 0.004 -20"><span class='ocrx_word' id='word_1_182' title='bbox 155 2183 231 2241; x_wconf 85' lang='lat' dir='ltr'>flexa</span> <span class='ocrx_word' id='word_1_183' title='bbox 254 2187 284 2242; x_wconf 92' lang='lat' dir='ltr'>et</span> <span class='ocrx_word' id='word_1_184' title='bbox 307 2186 409 2242; x_wconf 87' lang='lat' dir='ltr'>acuta:</span> <span class='ocrx_word' id='word_1_185' title='bbox 438 2187 542 2261; x_wconf 88' lang='lat' dir='ltr'>itaque</span> <span class='ocrx_word' id='word_1_186' title='bbox 569 2189 677 2244; x_wconf 88' lang='lat' dir='ltr'>neutra</span> <span class='ocrx_word' id='word_1_187' title='bbox 705 2186 805 2245; x_wconf 87' lang='lat' dir='ltr'>cludet</span> <span class='ocrx_word' id='word_1_188' title='bbox 831 2205 935 2245; x_wconf 86' lang='lat' dir='ltr'>vocem</span> <span class='ocrx_word' id='word_1_189' title='bbox 957 2184 1109 2245; x_wconf 87' lang='lat' dir='ltr'>Latinam.</span> <span class='ocrx_word' id='word_1_190' title='bbox 1143 2205 1176 2246; x_wconf 85' lang='lat' dir='ltr'>ea</span> 
     </span>
     <span class='ocr_line' id='line_1_24' title="bbox 155 2274 1177 2351; baseline 0.004 -20"><span class='ocrx_word' id='word_1_191' title='bbox 155 2292 235 2347; x_wconf 86' lang='lat' dir='ltr'>vero,</span> <span class='ocrx_word' id='word_1_192' title='bbox 258 2292 335 2348; x_wconf 89' lang='lat' dir='ltr'>quae</span> <span class='ocrx_word' id='word_1_193' title='bbox 359 2277 428 2334; x_wconf 92' lang='lat' dir='ltr'>sunt</span> <span class='ocrx_word' id='word_1_194' title='bbox 451 2275 584 2351; x_wconf 85' lang='lat' dir='ltr'>syllabae</span> <span class='ocrx_word' id='word_1_195' title='bbox 607 2278 703 2350; x_wconf 82' lang='lat' dir='ltr'>unius,</span> <span class='ocrx_word' id='word_1_196' title='bbox 733 2279 819 2334; x_wconf 91' lang='lat' dir='ltr'>erunt</span> <span class='ocrx_word' id='word_1_197' title='bbox 842 2278 931 2334; x_wconf 86' lang='lat' dir='ltr'>acuta</span> <span class='ocrx_word' id='word_1_198' title='bbox 954 2278 1006 2334; x_wconf 87' lang='lat' dir='ltr'>aut</span> <span class='ocrx_word' id='word_1_199' title='bbox 1029 2274 1117 2351; x_wconf 83' lang='lat' dir='ltr'>flexa,</span> <span class='ocrx_word' id='word_1_200' title='bbox 1141 2295 1177 2335; x_wconf 89' lang='lat' dir='ltr'>ne</span> 
     </span>
    </p>

    <p class='ocr_par' dir='ltr' id='par_1_10' title="bbox 101 2363 1208 2799">
     <span class='ocr_line' id='line_1_25' title="bbox 101 2363 1177 2442; baseline 0 -17"><span class='ocrx_word' id='word_1_201' title='bbox 101 2363 196 2425; x_wconf 76' lang='lat' dir='ltr'>casir</span> <span class='ocrx_word' id='word_1_202' title='bbox 219 2363 322 2438; x_wconf 90' lang='lat' dir='ltr'>aliqua</span> <span class='ocrx_word' id='word_1_203' title='bbox 344 2382 401 2422; x_wconf 85' lang='lat' dir='ltr'>vox</span> <span class='ocrx_word' id='word_1_204' title='bbox 425 2365 488 2423; x_wconf 90' lang='lat' dir='ltr'>siue</span> <span class='ocrx_word' id='word_1_205' title='bbox 507 2367 604 2424; x_wconf 89' lang='lat' dir='ltr'>acuta.</span> <span class='ocrx_word' id='word_1_206' title='bbox 628 2369 658 2424; x_wconf 89' lang='lat' dir='ltr'>et</span> <span class='ocrx_word' id='word_1_207' title='bbox 675 2367 730 2424; x_wconf 89' lang='lat' dir='ltr'>illa</span> <span class='ocrx_word' id='word_1_208' title='bbox 747 2385 803 2442; x_wconf 89' lang='lat' dir='ltr'>per</span> <span class='ocrx_word' id='word_1_209' title='bbox 820 2383 907 2424; x_wconf 90' lang='lat' dir='ltr'>sonos</span> <span class='ocrx_word' id='word_1_210' title='bbox 926 2364 1074 2441; x_wconf 77' lang='lat' dir='ltr'>accidunt,</span> <span class='ocrx_word' id='word_1_211' title='bbox 1100 2385 1177 2442; x_wconf 86' lang='lat' dir='ltr'>quae</span> 
     </span>
     <span class='ocr_line' id='line_1_26' title="bbox 156 2450 1208 2532; baseline 0.005 -23"><span class='ocrx_word' id='word_1_212' title='bbox 156 2450 354 2510; x_wconf 87' lang='lat' dir='ltr'>demonstrari</span> <span class='ocrx_word' id='word_1_213' title='bbox 385 2455 496 2529; x_wconf 88' lang='lat' dir='ltr'>scripto</span> <span class='ocrx_word' id='word_1_214' title='bbox 528 2474 588 2512; x_wconf 92' lang='lat' dir='ltr'>non</span> <span class='ocrx_word' id='word_1_215' title='bbox 620 2458 754 2530; x_wconf 88' lang='lat' dir='ltr'>possunt,</span> <span class='ocrx_word' id='word_1_216' title='bbox 787 2455 862 2513; x_wconf 86' lang='lat' dir='ltr'>vitia</span> <span class='ocrx_word' id='word_1_217' title='bbox 895 2453 954 2513; x_wconf 89' lang='lat' dir='ltr'>oris</span> <span class='ocrx_word' id='word_1_218' title='bbox 982 2457 1013 2513; x_wconf 89' lang='lat' dir='ltr'>et</span> <span class='ocrx_word' id='word_1_219' title='bbox 1039 2453 1208 2532; x_wconf 59' lang='lat' dir='ltr'>linguaces</span> 
     </span>
     <span class='ocr_line' id='line_1_27' title="bbox 157 2538 1177 2622; baseline 0.006 -24"><span class='ocrx_word' id='word_1_220' title='bbox 157 2539 353 2617; x_wconf 81' lang='grc' dir='ltr'><strong><em>ἰωτακισμούς</em></strong></span> <span class='ocrx_word' id='word_1_221' title='bbox 367 2538 419 2620; x_wconf 83' lang='lat' dir='ltr'>&lt;ct</span> <span class='ocrx_word' id='word_1_222' title='bbox 437 2539 661 2621; x_wconf 83' lang='grc' dir='ltr'><em>μυτακισμούς&gt;</em></span> <span class='ocrx_word' id='word_1_223' title='bbox 676 2547 706 2602; x_wconf 88' lang='lat' dir='ltr'>et</span> <span class='ocrx_word' id='word_1_224' title='bbox 719 2543 939 2622; x_wconf 81' lang='grc' dir='ltr'><strong><em>λαβδακισμούς</em></strong></span> <span class='ocrx_word' id='word_1_225' title='bbox 959 2546 989 2602; x_wconf 88' lang='lat' dir='ltr'>ct</span> <span class='ocrx_word' id='word_1_226' title='bbox 1003 2541 1177 2622; x_wconf 78' lang='grc' dir='ltr'><strong><em>ἰσχνότητας</em></strong></span> 
     </span>
     <span class='ocr_line' id='line_1_28' title="bbox 157 2631 1178 2711; baseline 0.005 -23"><span class='ocrx_word' id='word_1_227' title='bbox 157 2634 188 2688; x_wconf 92' lang='lat' dir='ltr'>et</span> <span class='ocrx_word' id='word_1_228' title='bbox 205 2632 408 2708; x_wconf 80' lang='grc' dir='ltr'><strong><em>πλατεασμούς</em></strong></span> <span class='ocrx_word' id='word_1_229' title='bbox 427 2632 574 2691; x_wconf 86' lang='lat' dir='ltr'>feliciores</span> <span class='ocrx_word' id='word_1_230' title='bbox 592 2633 738 2711; x_wconf 84' lang='lat' dir='ltr'>fingendis</span> <span class='ocrx_word' id='word_1_231' title='bbox 751 2633 922 2693; x_wconf 84' lang='lat' dir='ltr'>nominibus</span> <span class='ocrx_word' id='word_1_232' title='bbox 937 2631 1044 2692; x_wconf 82' lang='lat' dir='ltr'>Graeci</span> <span class='ocrx_word' id='word_1_233' title='bbox 1058 2635 1178 2709; x_wconf 81' lang='lat' dir='ltr'>vocant,</span> 
     </span>
     <span class='ocr_line' id='line_1_29' title="bbox 156 2719 1178 2799; baseline 0.003 -20"><span class='ocrx_word' id='word_1_234' title='bbox 156 2719 236 2779; x_wconf 86' lang='lat' dir='ltr'>siout</span> <span class='ocrx_word' id='word_1_235' title='bbox 257 2719 472 2797; x_wconf 82' lang='grc' dir='ltr'><strong><em>κοιλοστομίαν,</em></strong></span> <span class='ocrx_word' id='word_1_236' title='bbox 496 2740 562 2780; x_wconf 88' lang='lat' dir='ltr'>oum</span> <span class='ocrx_word' id='word_1_237' title='bbox 585 2741 643 2782; x_wconf 87' lang='lat' dir='ltr'>vox</span> <span class='ocrx_word' id='word_1_238' title='bbox 666 2724 754 2799; x_wconf 86' lang='lat' dir='ltr'>quasi</span> <span class='ocrx_word' id='word_1_239' title='bbox 775 2725 808 2780; x_wconf 86' lang='lat' dir='ltr'>in</span> <span class='ocrx_word' id='word_1_240' title='bbox 830 2741 948 2782; x_wconf 84' lang='lat' dir='ltr'>recessu</span> <span class='ocrx_word' id='word_1_241' title='bbox 966 2724 1026 2780; x_wconf 87' lang='lat' dir='ltr'>oris</span> <span class='ocrx_word' id='word_1_242' title='bbox 1044 2721 1178 2799; x_wconf 79' lang='lat' dir='ltr'>auditur.</span> 
     </span>
    </p>

    <p class='ocr_par' dir='ltr' id='par_1_11' title="bbox 98 2808 1212 2978">
     <span class='ocr_line' id='line_1_30' title="bbox 98 2808 1178 2888; baseline 0.001 -17"><span class='ocrx_word' id='word_1_243' title='bbox 98 2816 142 2872; x_wconf 75' lang='lat'>,88</span> <span class='ocrx_word' id='word_1_244' title='bbox 157 2811 228 2868; x_wconf 89' lang='lat' dir='ltr'>sunt</span> <span class='ocrx_word' id='word_1_245' title='bbox 255 2810 345 2867; x_wconf 88' lang='lat' dir='ltr'>etiam</span> <span class='ocrx_word' id='word_1_246' title='bbox 373 2811 488 2886; x_wconf 88' lang='lat' dir='ltr'>proprii</span> <span class='ocrx_word' id='word_1_247' title='bbox 516 2810 639 2886; x_wconf 86' lang='lat' dir='ltr'>quidam</span> <span class='ocrx_word' id='word_1_248' title='bbox 666 2815 696 2870; x_wconf 86' lang='lat' dir='ltr'>et</span> <span class='ocrx_word' id='word_1_249' title='bbox 723 2812 937 2871; x_wconf 85' lang='lat' dir='ltr'>inenarrabiles</span> <span class='ocrx_word' id='word_1_250' title='bbox 961 2813 1036 2888; x_wconf 79' lang='lat' dir='ltr'>soni,</span> <span class='ocrx_word' id='word_1_251' title='bbox 1066 2808 1178 2888; x_wconf 86' lang='lat' dir='ltr'>quibus</span> 
     </span>
     <span class='ocr_line' id='line_1_31' title="bbox 155 2899 1212 2978; baseline 0.007 -22"><span class='ocrx_word' id='word_1_252' title='bbox 155 2916 379 2974; x_wconf 90' lang='lat' dir='ltr'>nonnumquam</span> <span class='ocrx_word' id='word_1_253' title='bbox 411 2899 546 2960; x_wconf 89' lang='lat' dir='ltr'>nationes</span> <span class='ocrx_word' id='word_1_254' title='bbox 578 2901 791 2976; x_wconf 89' lang='lat' dir='ltr'>reprendimus.</span> <span class='ocrx_word' id='word_1_255' title='bbox 832 2901 954 2960; x_wconf 88' lang='lat' dir='ltr'>remotis</span> <span class='ocrx_word' id='word_1_256' title='bbox 986 2901 1082 2978; x_wconf 82' lang='lat' dir='ltr'>igitur</span> <span class='ocrx_word' id='word_1_257' title='bbox 1116 2921 1212 2963; x_wconf 70' lang='lat' dir='ltr'>omo</span> 
     </span>
    </p>
   </div>
   <div class='ocr_carea' id='block_1_3' title="bbox 229 3086 960 3158">
    <p class='ocr_par' dir='ltr' id='par_1_12' title="bbox 229 3086 960 3158">
     <span class='ocr_line' id='line_1_32' title="bbox 229 3086 960 3158; baseline 0.004 -19"><span class='ocrx_word' id='word_1_258' title='bbox 229 3093 244 3139; x_wconf 83' lang='lat'><strong>3</strong></span> <span class='ocrx_word' id='word_1_259' title='bbox 264 3086 332 3142; x_wconf 83' lang='lat' dir='ltr'>Aen.</span> <span class='ocrx_word' id='word_1_260' title='bbox 353 3094 377 3154; x_wconf 88' lang='lat'>1,</span> <span class='ocrx_word' id='word_1_261' title='bbox 399 3094 412 3141; x_wconf 89' lang='lat'>1</span> <span class='ocrx_word' id='word_1_262' title='bbox 433 3120 468 3129; x_wconf 93' lang='lat'>—</span> <span class='ocrx_word' id='word_1_263' title='bbox 487 3093 503 3141; x_wconf 77' lang='lat' dir='ltr'>f&gt;</span> <span class='ocrx_word' id='word_1_264' title='bbox 523 3088 622 3158; x_wconf 85' lang='lat' dir='ltr'>Georg.</span> <span class='ocrx_word' id='word_1_265' title='bbox 643 3095 668 3157; x_wconf 77' lang='lat'>3,</span> <span class='ocrx_word' id='word_1_266' title='bbox 688 3095 748 3155; x_wconf 72' lang='lat'>213,</span> <span class='ocrx_word' id='word_1_267' title='bbox 775 3090 843 3142; x_wconf 86' lang='lat' dir='ltr'>Aen.</span> <span class='ocrx_word' id='word_1_268' title='bbox 863 3095 888 3156; x_wconf 83' lang='lat'>4,</span> <span class='ocrx_word' id='word_1_269' title='bbox 908 3094 960 3142; x_wconf 76' lang='lat'>525</span> 
     </span>
    </p>
   </div>
   <div class='ocr_carea' id='block_1_4' title="bbox 85 3249 1180 3462">
    <p class='ocr_par' dir='ltr' id='par_1_13' title="bbox 85 3249 1180 3462">
     <span class='ocr_line' id='line_1_33' title="bbox 228 3249 1180 3317; baseline 0.005 -15"><span class='ocrx_word' id='word_1_270' title='bbox 228 3255 245 3301; x_wconf 81' lang='lat'>4</span> <span class='ocrx_word' id='word_1_271' title='bbox 264 3251 420 3317; x_wconf 73' lang='lat' dir='ltr'>accentum¹</span> <span class='ocrx_word' id='word_1_272' title='bbox 439 3252 472 3303; x_wconf 92' lang='lat' dir='ltr'>ut</span> <span class='ocrx_word' id='word_1_273' title='bbox 490 3260 518 3302; x_wconf 84' lang='grc' dir='ltr'><strong>Ρ</strong></span> <span class='ocrx_word' id='word_1_274' title='bbox 603 3257 619 3304; x_wconf 88' lang='grc'>8</span> <span class='ocrx_word' id='word_1_275' title='bbox 639 3252 735 3305; x_wconf 85' lang='lat' dir='ltr'>nostro</span> <span class='ocrx_word' id='word_1_276' title='bbox 754 3268 797 3305; x_wconf 81' lang='lat' dir='ltr'>om</span> <span class='ocrx_word' id='word_1_277' title='bbox 811 3261 853 3303; x_wconf 70' lang='lat' dir='ltr'>Ab</span> <span class='ocrx_word' id='word_1_278' title='bbox 954 3256 987 3304; x_wconf 81' lang='lat'>12</span> <span class='ocrx_word' id='word_1_279' title='bbox 1007 3249 1080 3305; x_wconf 83' lang='lat' dir='ltr'>alias</span> <span class='ocrx_word' id='word_1_280' title='bbox 1099 3261 1180 3307; x_wconf 66' lang='lat'>⁶⁶1³:</span> 
     </span>
     <span class='ocr_line' id='line_1_34' title="bbox 85 3319 1180 3394; baseline 0.005 -21"><span class='ocrx_word' id='word_1_281' title='bbox 85 3320 89 3327; x_wconf 84' lang='lat'>&#39;</span> <span class='ocrx_word' id='word_1_282' title='bbox 157 3319 214 3373; x_wconf 91' lang='lat' dir='ltr'>alia</span> <span class='ocrx_word' id='word_1_283' title='bbox 228 3329 280 3372; x_wconf 77' lang='lat' dir='ltr'>AB</span> <span class='ocrx_word' id='word_1_284' title='bbox 294 3321 298 3391; x_wconf 86' lang='grc' dir='ltr'>Ι</span> <span class='ocrx_word' id='word_1_285' title='bbox 315 3321 387 3374; x_wconf 84' lang='lat' dir='ltr'>alias</span> <span class='ocrx_word' id='word_1_286' title='bbox 401 3330 462 3375; x_wconf 77' lang='lat' dir='ltr'>AP:</span> <span class='ocrx_word' id='word_1_287' title='bbox 483 3321 541 3375; x_wconf 91' lang='lat' dir='ltr'>alia</span> <span class='ocrx_word' id='word_1_288' title='bbox 555 3331 583 3374; x_wconf 76' lang='grc' dir='ltr'><em>Β</em></span> <span class='ocrx_word' id='word_1_289' title='bbox 653 3329 686 3375; x_wconf 79' lang='lat'>22</span> <span class='ocrx_word' id='word_1_290' title='bbox 706 3321 756 3391; x_wconf 89' lang='lat' dir='ltr'>qui</span> <span class='ocrx_word' id='word_1_291' title='bbox 774 3322 805 3375; x_wconf 88' lang='lat' dir='ltr'>in</span> <span class='ocrx_word' id='word_1_292' title='bbox 819 3322 919 3377; x_wconf 85' lang='lat' dir='ltr'>cadem</span> <span class='ocrx_word' id='word_1_293' title='bbox 933 3321 1012 3393; x_wconf 82' lang='lat' dir='ltr'>(quia</span> <span class='ocrx_word' id='word_1_294' title='bbox 1026 3322 1131 3377; x_wconf 87' lang='lat' dir='ltr'>eadem</span> <span class='ocrx_word' id='word_1_295' title='bbox 1145 3325 1180 3394; x_wconf 83' lang='grc' dir='ltr'>ι’)</span> 
     </span>
     <span class='ocr_line' id='line_1_35' title="bbox 156 3391 1180 3462; baseline 0.006 -18"><span class='ocrx_word' id='word_1_296' title='bbox 156 3391 229 3445; x_wconf 85' lang='lat' dir='ltr'>flexu</span> <span class='ocrx_word' id='word_1_297' title='bbox 248 3394 277 3446; x_wconf 87' lang='lat' dir='ltr'>et</span> <span class='ocrx_word' id='word_1_298' title='bbox 295 3395 379 3446; x_wconf 85' lang='lat' dir='ltr'>acuta</span> <span class='ocrx_word' id='word_1_299' title='bbox 393 3400 458 3461; x_wconf 78' lang='lat' dir='ltr'>post</span> <span class='ocrx_word' id='word_1_300' title='bbox 476 3396 560 3448; x_wconf 85' lang='lat' dir='ltr'>acuta</span> <span class='ocrx_word' id='word_1_301' title='bbox 574 3401 700 3462; x_wconf 73' lang='lat' dir='ltr'>repetunt</span> <span class='ocrx_word' id='word_1_302' title='bbox 713 3403 777 3448; x_wconf 74' lang='lat'><em>151³:</em></span> <span class='ocrx_word' id='word_1_303' title='bbox 796 3411 840 3448; x_wconf 89' lang='lat' dir='ltr'>om</span> <span class='ocrx_word' id='word_1_304' title='bbox 852 3401 911 3446; x_wconf 80' lang='lat' dir='ltr'>AN</span> <span class='ocrx_word' id='word_1_305' title='bbox 978 3399 1013 3448; x_wconf 80' lang='lat'>26</span> <span class='ocrx_word' id='word_1_306' title='bbox 1031 3393 1180 3450; x_wconf 79' lang='lat' dir='ltr'>miotacis-</span> 
     </span>
    </p>
   </div>
   <div class='ocr_carea' id='block_1_5' title="bbox 138 3465 1182 3593">
    <p class='ocr_par' dir='ltr' id='par_1_14' title="bbox 138 3465 1182 3593">
     <span class='ocr_line' id='line_1_36' title="bbox 154 3465 1182 3538; baseline 0.009 -23"><span class='ocrx_word' id='word_1_307' title='bbox 154 3481 219 3516; x_wconf 85' lang='lat' dir='ltr'>mus</span> <span class='ocrx_word' id='word_1_308' title='bbox 237 3473 278 3516; x_wconf 70' lang='lat' dir='ltr'>ao</span> <span class='ocrx_word' id='word_1_309' title='bbox 301 3466 307 3533; x_wconf 74' lang='lat' dir='ltr'>l</span> <span class='ocrx_word' id='word_1_310' title='bbox 333 3467 362 3520; x_wconf 87' lang='lat' dir='ltr'>et</span> <span class='ocrx_word' id='word_1_311' title='bbox 379 3466 570 3535; x_wconf 73' lang='grc' dir='ltr'><strong><em>μυτακισμούς</em></strong></span> <span class='ocrx_word' id='word_1_312' title='bbox 592 3466 650 3519; x_wconf 76' lang='lat' dir='ltr'>adel</span> <span class='ocrx_word' id='word_1_313' title='bbox 670 3467 801 3521; x_wconf 79' lang='lat' dir='ltr'>Glausaec</span> <span class='ocrx_word' id='word_1_314' title='bbox 819 3472 844 3520; x_wconf 78' lang='lat' dir='ltr'>et</span> <span class='ocrx_word' id='word_1_315' title='bbox 864 3466 945 3520; x_wconf 76' lang='lat' dir='ltr'>Gertz</span> <span class='ocrx_word' id='word_1_316' title='bbox 1018 3470 1053 3519; x_wconf 82' lang='lat'>30</span> <span class='ocrx_word' id='word_1_317' title='bbox 1078 3465 1182 3538; x_wconf 85' lang='lat' dir='ltr'>depre-</span> 
     </span>
     <span class='ocr_line' id='line_1_37' title="bbox 138 3532 452 3593; baseline 0.025 -8"><span class='ocrx_word' id='word_1_318' title='bbox 138 3532 297 3589; x_wconf 72' lang='lat' dir='ltr'>hevdl&#39;lmls</span> <span class='ocrx_word' id='word_1_319' title='bbox 314 3537 452 3593; x_wconf 76' lang='lat' dir='ltr'>Burman</span> 
     </span>
    </p>
   </div>
   <div class='ocr_carea' id='block_1_6' title="bbox 0 0 1247 3854">
    <p class='ocr_par' dir='ltr' id='par_1_15' title="bbox 0 0 1247 3854">
     <span class='ocr_line' id='line_1_38' title="bbox 0 0 1247 3854; baseline 0 0"><span class='ocrx_word' id='word_1_320' title='bbox 0 0 1247 3854; x_wconf 95' lang='lat' dir='ltr'> </span> 
     </span>
    </p>
   </div>
  </div>
 </body>
</html>
