2460 3854
137 114 181 178 40
444 111 670 178 QVINTILIANI
688 111 778 167 INST.
800 111 856 166 oa.

102 287 121 342 8
141 285 180 342 sit
202 301 326 361 magnos
350 283 437 341 duces
461 282 659 357 sequentibus.
693 281 873 341 consuetudo
896 299 967 340 vero
991 281 1153 342 certissima
1214 303 1229 356 J.-

137 372 280 448 loquendi
301 373 456 448 magistra,
479 371 679 445 utendumque
704 370 791 446 plane
816 389 950 430 sermone
973 374 1009 429 ut
1026 389 1153 445 nummo,
1216 392 1228 446 ,a

138 463 185 520 cui
213 461 334 537 publica
361 462 457 519 forma
485 462 537 519 est.
579 461 680 518 omnia
707 465 809 518 tamen
836 461 909 519 baec
937 461 1062 538 exigunt
1092 478 1153 519 acre
1219 493 1230 511 n

136 551 291 623 iudicium,
320 550 489 628 analogia
516 550 684 625 praecipue,
712 551 959 625 quamproxime
983 569 1019 608 ex
1043 548 1153 609 Graeco
1223 595 1226 598 -

104 641 123 697 4
141 641 353 698 transferentes
375 639 408 696 in
426 639 569 697 Latinum
586 639 859 713 proportionem
877 642 1070 697 vocaverunt.
1095 641 1154 698 eius
1174 658 1183 699 r
1216 662 1227 698 ε.

137 730 210 787 baec
238 731 282 787 vis
311 731 364 803 est,
392 731 428 786 ut
449 728 490 801 id,
519 728 598 802 quod
621 727 744 785 dubium
768 730 821 802 est,
849 727 888 786 ad
912 727 1027 803 aliquid
1050 728 1155 803 simile,

138 819 174 876 de
205 837 262 892 quo
293 836 352 876 non
383 818 544 892 quaeritur,
576 817 688 874 referat
718 819 748 875 et
778 818 892 876 incerta
923 817 1011 877 certis
1042 819 1155 893 probet

137 907 218 982 quod
245 906 372 966 efficitur
399 906 512 981 duplici
539 906 602 964 via:
640 908 862 981 comparatione
886 906 1031 965 similium
1052 909 1087 964 in
1111 927 1155 966 ex·

136 999 239 1055 tremis
271 997 398 1054 maxime
431 995 565 1070 syllabis,
596 998 719 1070 propter
752 994 831 1070 quod
863 1014 907 1070 ea,
940 1014 1016 1070 quae
1044 1000 1116 1055 suut
1141 1015 1155 1054 e

102 1085 275 1163 bsingulis,
297 1087 445 1162 negantur
466 1084 575 1142 babere
597 1084 754 1157 rationem,
777 1087 807 1142 et
830 1084 1044 1143 deminutione.
1082 1104 1187 1145 com-u
1221 1107 1226 1143 l

137 1177 254 1251 paratio
268 1176 300 1232 in
314 1171 485 1233 nominibus
499 1175 552 1232 aut
567 1192 659 1251 genus
674 1173 830 1249 deprendit
844 1179 898 1232 aut
911 1173 1156 1233 declinationem:

137 1282 239 1340 genus,
262 1268 305 1336 ut,
329 1264 356 1322 si
379 1266 548 1338 quaeratur,
573 1256 676 1321 ‘funis'
700 1262 898 1321 masculinum
922 1263 962 1321 sit
985 1282 1024 1321 an
1040 1264 1156 1322 femini·

137 1374 217 1426 num,
240 1353 336 1412 simile
359 1351 407 1410 illi
430 1352 470 1412 sit
484 1345 607 1426 ‘panis'z
630 1352 868 1426 declinationem,
892 1354 935 1426 ut,
959 1354 986 1411 si
1004 1355 1109 1412 veniat
1126 1355 1155 1411 in

137 1442 269 1516 dubium,
294 1437 361 1500 ‘hac
384 1434 485 1499 domu'
509 1440 665 1500 dicendum
689 1443 790 1500 sitan
815 1436 882 1499 ‘hac
906 1435 1015 1516 domo',
1040 1445 1071 1501 et
1095 1437 1156 1503 ‘do-

137 1526 250 1589 muum'
275 1550 314 1588 an
338 1524 525 1606 ‘domorum',
555 1530 667 1589 similia
697 1531 758 1588 sint
786 1525 902 1589 ‘domus
931 1550 1005 1590 anus
1028 1526 1155 1593 manus'.
1168 1549 1187 1591 u

101 1620 303 1679 ddeminutio
326 1638 418 1696 genus
441 1619 529 1677 modo
553 1618 675 1696 detegit,
702 1622 746 1693 ut,
773 1638 810 1677 ne
826 1619 871 1681 ¹ab
895 1619 999 1678 eodem
1023 1623 1156 1697 exemplo

136 1709 285 1783 recedam,
319 1703 444 1767 ‘funem'
476 1709 674 1768 masculinum
711 1728 775 1768 esse
808 1703 982 1768 ‘funiculus'
1016 1711 1155 1770 ostendit.

104 1799 241 1859 leudem
272 1799 303 1856 in
336 1798 433 1857 verbis
461 1817 578 1874 quoque
605 1799 684 1856 ratio
712 1797 944 1874 conparationis,
974 1802 1008 1857 ut
1036 1802 1062 1859 si
1092 1800 1157 1875 quis

137 1891 276 1963 antiquos
304 1889 422 1946 secutus
446 1880 583 1946 ‘fervere'
607 1887 691 1947 brevi
717 1888 816 1946 media
844 1888 961 1962 syllaba
988 1888 1081 1964 dicat,
1110 1889 1155 1949 de-

136 1978 301 2052 prendatur
322 1979 429 2036 vitiose
452 1977 544 2052 loqui,
571 1977 652 2052 quod
676 1978 785 2051 omnia,
813 1995 888 2052 quae
912 1997 928 2035 θ
952 1980 982 2035 θὴ
1004 1996 1021 2035 o
1046 1978 1189 2039 litterisu

137 2067 252 2125 fatendi
274 2066 362 2125 modo
381 2067 589 2140 terminantur,
612 2065 725 2139 eadem,
748 2068 775 2125 si
793 2067 826 2123 in
843 2065 967 2125 infinitis
988 2086 1003 2124 e
1022 2067 1157 2126 litteram

137 2157 236 2215 media
254 2156 372 2231 syllaba
391 2157 576 2231 acceperuut,
594 2155 700 2231 utique
719 2156 897 2231 productam
910 2156 1036 2214 habent:
1056 2150 1157 2233 ‘pran-

102 2249 120 2303 8
140 2246 193 2304 deo
217 2245 331 2321 pendeo
354 2245 484 2321 spondeo
507 2245 653 2320 prandere
676 2245 804 2320 pendere
827 2239 993 2321 spondere'.
1025 2248 1058 2304 at
1081 2267 1157 2324 quae

138 2353 154 2392 ο
178 2335 273 2393 solam
295 2336 415 2408 habent,
438 2334 597 2394 dummodo
620 2354 674 2410 per
693 2334 816 2395 eandem
834 2335 969 2393 litteram
987 2336 1019 2392 in
1037 2335 1156 2396 infinito
1229 2355 1230 2379 l

137 2428 251 2497 exeant,
278 2424 381 2484 brevia
408 2423 496 2482 fiunt:
526 2417 603 2501 ‘lego
632 2423 698 2482 dico
726 2443 812 2482 curro
840 2425 939 2500 legere
966 2423 1065 2484 dicere
1093 2431 1190 2485 cur-'u

137 2507 221 2587 rere',
245 2514 362 2573 etiamsi
387 2517 433 2572 est
455 2512 537 2588 apud
559 2513 721 2571 Lucilium:

183 2598 284 2661 ‘fervit
307 2622 387 2678 aqua
410 2604 441 2661 et
464 2603 571 2661 fervet:
594 2603 685 2660 fervit
699 2621 785 2675 nune,
805 2603 900 2662 fervet
919 2602 958 2660 ad
976 2599 1112 2663 annum'.

137 2692 189 2750 sed
207 2710 279 2766 paee
298 2691 395 2751 dicere
413 2691 541 2750 hominis
561 2690 755 2750 eruditissimi
772 2693 874 2750 liceat:
894 2692 920 2751 si
936 2687 1048 2751 ‘fervit'
1067 2696 1158 2768 putat

102 2781 186 2839 silli
204 2782 301 2840 simile
322 2775 437 2840 ‘cmrit’
458 2783 488 2839 et
508 2775 614 2858 ‘legit’,
634 2774 739 2839 ‘fervo'
755 2781 834 2840 dicet
847 2785 882 2840 ut
892 2775 981 2858 ‘lego’
994 2785 1024 2840 et
1035 2777 1156 2857 ‘curro’,

138 2871 217 2946 quod
244 2870 329 2929 nobis
357 2869 526 2928 inauditum
554 2873 608 2929 θεὴ.
651 2865 712 2929 ‘sed
736 2890 796 2929 non
819 2875 865 2930 est
887 2871 960 2930 haec
983 2889 1054 2930 vera
1078 2891 1191 2932 com-a

137 2960 267 3036 paratio:
303 2979 374 3017 nam
398 2953 511 3018 ‘fervit'
535 2962 580 3018 est
602 2960 650 3018 illi
672 2959 769 3018 simile
794 2954 930 3019 ‘servit'.'
974 2979 1066 3036 quam
1088 2982 1157 3037 pro·

209 3154 242 3201 26
261 3147 300 3200 IX
318 3165 334 3199 v
353 3152 405 3199 357
425 3146 505 3200 Marx

211 3370 224 3416 1
244 3362 282 3415 sit
301 3363 403 3416 Halm:
426 3365 470 3415 est
565 3367 598 3416 10
616 3362 721 3416 habere
741 3362 962 3432 Capperonuier:
981 3363 1083 3419 debere

133 3436 289 3558 ,issodssmus
301 3433 428 3560 2›sgcldjlcliss
438 3435 536 3558 {seper
612 3439 646 3487 16
665 3437 697 3487 ut
721 3434 834 3489 Usener:
853 3437 882 3488 et
964 3441 998 3488 22
1017 3438 1050 3489 ut
1068 3454 1153 3506 pran-
