2460 3854
432 105 801 172 iunmuaaha
1064 106 1127 170 lm

114 274 223 349 fallere,
256 274 317 350 qui,
345 277 381 332 ut
413 273 511 332 ordini
547 292 645 332 rerum
683 274 815 332 animum
851 275 997 348 intendat,
1034 277 1126 334 etiam

114 363 340 422 commonendus
364 361 428 422 est?
455 363 566 438 peribit
594 365 674 421 eninr
700 365 798 438 prima
826 383 895 440 pars
923 365 1125 442 expositionis,

112 453 137 510 si
158 452 247 511 iudex
265 452 382 512 narrari
399 452 532 510 nondum
551 453 632 511 sciet.
656 455 848 528 quapropter,
871 456 905 511 ut
922 471 983 511 non
997 453 1123 528 abrupte
1140 454 1177 509 79

113 541 214 600 cadere
237 543 270 599 in
292 542 509 615 narrationem,
535 543 581 600 ita
607 560 668 600 non
695 542 818 601 obscure
844 541 1052 602 transcendere
1081 545 1126 600 est

81 632 265 705 septimum.
289 632 316 690 si
338 648 408 690 vero
431 631 550 706 longior
572 633 714 706 sequetur
735 648 771 689 ac
793 633 934 707 perplexa
957 633 1053 708 magis
1078 650 1124 688 ex-

110 719 229 794 positi0,
252 719 290 778 ad
314 738 381 777 eam
402 720 502 795 ipsam
523 719 748 795 praeparandus
766 720 856 778 iudex
879 720 945 792 erit,
968 723 1003 778 ut
1023 719 1124 780 Cicero

110 809 236 884 saepius,
266 808 371 866 sedet
397 808 453 867 hoc
480 807 545 867 loco
573 808 657 867 fecit:
695 805 798 884 ‘paulo
820 810 939 887 longius
973 809 1126 868 exordium

109 898 150 955 rei
197 896 445 956 demonstrandae
494 900 642 973 repetam,
688 898 781 973 quod,
832 917 955 974 quaeso,
1000 899 1126 971 iudices,

109 1004 144 1043 ne
181 986 307 1045 moleste
347 986 520 1062 patiamini3
556 986 711 1062 principiis
749 989 828 1044 enim
865 988 993 1065 cognitis
1029 988 1124 1047 multo

65 1090 97 1132 ro
109 1074 226 1134 facilius
245 1079 378 1134 extrema
396 1070 607 1152 intellegetis’„
617 1076 690 1134 haec
704 1076 765 1134 fere
780 1078 850 1136 sunt
864 1077 939 1135 mihi
953 1075 989 1134 de
1004 1077 1125 1136 exordio

110 1167 269 1240 comperta.

445 1315 505 1387 [ou
524 1315 788 1388 recensione]

172 1430 212 1490 IL
235 1431 364 1489 Maxime
392 1432 529 1490 naturale
558 1434 602 1489 est
625 1433 655 1490 et
678 1431 744 1489 fieri
766 1432 1004 1507 frequentissime
1028 1433 1124 1507 debet,
1159 1434 1175 1487 1

108 1522 141 1578 ut
163 1523 345 1596 praeparato
368 1539 422 1596 per
444 1521 526 1594 haec,
550 1539 626 1595 quae
645 1539 736 1594 supra
755 1521 836 1579 dicta
855 1527 934 1596 sunt,
956 1522 1124 1596 indiceres,

69 1608 143 1667 rede
166 1628 228 1685 qua
250 1611 499 1684 pronuntiaturus
522 1612 583 1684 est,
615 1609 775 1668 indicetur:
808 1630 843 1668 ea
871 1616 916 1669 est
947 1612 1124 1671 narratio.

108 1699 139 1756 in
161 1718 223 1774 qua
246 1700 341 1759 sciens
365 1701 567 1757 transcurram
587 1697 711 1757 subtiles
729 1698 856 1757 nimium
871 1700 1032 1759 divisiones
1051 1721 1123 1776 quo·
1159 1699 1176 1753 2

108 1787 242 1863 rendam,
272 1788 361 1863 plura
384 1789 447 1847 eius
475 1806 584 1864 genera
611 1787 794 1846 facientium.
826 1807 886 1847 non
919 1792 997 1847 enim
1028 1790 1123 1848 solam

108 1877 213 1936 volunt
237 1895 299 1936 esse
322 1877 407 1935 illam
429 1877 558 1954 negotii,
581 1876 617 1935 de
642 1896 700 1952 quo
725 1876 805 1951 apud
824 1877 937 1936 iudices
961 1880 1123 1952 quaeritur,

108 1965 336 2041 expositionem,
373 1966 425 2024 sed
456 1984 613 2041 personae,
655 1968 689 2023 ut
721 1960 771 2025 ζΜ.
808 1965 923 2025 Lollius
955 1966 1123 2040 Palicanus

72 2054 214 2113 rehumili
241 2056 306 2114 loco
338 2055 457 2129 Picens,
484 2056 595 2130 loquax
623 2057 719 2131 magis
743 2073 835 2129 quam
857 2049 1028 2114 facundus':
1056 2057 1124 2129 loci,

106 2146 139 2201 ut
173 2139 328 2219 ‘oppidum
360 2146 405 2203 est
441 2146 473 2202 in
505 2144 717 2220 Hellesponto,
746 2142 954 2219 Lampsacum,
984 2140 1122 2203 iudices':

105 2235 260 2309 temporis,
282 2236 318 2292 ut

173 2318 254 2381 ‘vere
277 2341 365 2396 novo,
387 2321 504 2399 gelidus
528 2323 611 2381 oanis
635 2340 704 2381 oum
725 2321 877 2381 montibus
901 2341 989 2380 umor

173 2406 327 2487 liquitur':

66 2519 91 2559 rs
104 2519 278 2575 causarum,
311 2499 418 2576 quibus
447 2501 584 2560 historici
612 2500 853 2575 frequentissime
885 2503 1023 2576 utuntur,
1055 2519 1121 2558 cum

104 2592 267 2665 exponunt,
290 2589 368 2648 unde
390 2589 513 2664 bellum,
544 2589 664 2662 seditio,
693 2590 874 2664 pestilentia.
902 2593 1022 2665 praeter
1047 2591 1122 2650 haec
1154 2592 1173 2645 3

105 2679 180 2738 alias
204 2678 360 2754 perfectas,
384 2678 459 2737 alias
482 2679 662 2755 inperfectos
686 2682 808 2738 vocant:
836 2680 918 2755 quod
940 2680 1007 2754 quis
1035 2681 1120 2757 igno-

102 2765 174 2826 rat?
207 2767 341 2826 adiciunt
363 2768 579 2842 expositionem
602 2770 632 2826 et
658 2768 889 2843 praeteritorum
917 2787 980 2828 esse
1008 2772 1121 2846 tempo-

103 2877 182 2930 rum,
207 2875 284 2932 quae
307 2860 352 2915 cst
374 2857 625 2932 frequentissima,
654 2860 684 2915 et
710 2857 921 2932 praesentium,
950 2858 1047 2932 qualis
1076 2862 1122 2917 est

63 2965 90 3005 eo
105 2946 257 3005 Ciceronis
280 2945 316 3003 dc
340 2945 478 3004 discursu
501 2949 664 3005 amicorum
679 2944 873 3024 Chrysogoni,
896 2952 1056 3022 postquam
1076 2952 1122 3006 est

178 3068 1189 3149 rpfflmqn-mfflumemffimnnu‘

104 3155 147 3217 15,
168 3156 201 3205 12
221 3182 256 3190 —
275 3156 309 3204 20
329 3149 384 3205 Cic.
399 3151 477 3205 Verr.
498 3158 522 3217 1,
542 3157 584 3216 24,
605 3155 638 3204 63
659 3182 692 3190 -
712 3157 745 3204 23
764 3151 847 3222 Verg.
868 3151 968 3221 Ceorg.
989 3159 1012 3217 1,
1032 3156 1066 3204 43
1086 3183 1121 3192 —

104 3227 139 3276 30
157 3241 185 3293 p.
204 3221 286 3277 Rosc.
305 3223 367 3276 Am.
387 3228 429 3290 22,
449 3228 483 3276 60

176 3349 308 3416 8petam
324 3349 377 3404 Cic.
448 3353 481 3401 15
496 3348 663 3418 caJhaecA
729 3353 761 3401 16
777 3347 866 3402 sciens
882 3357 967 3401 omn
1030 3352 1062 3400 19
1082 3347 1120 3400 M.

103 3418 212 3472 Lollius
235 3419 366 3490 Pighius:
389 3438 425 3472 m.
450 3418 533 3472 ollius
552 3430 575 3471 A
593 3418 723 3473 macilius
741 3429 796 3472 ΒΡ
870 3424 904 3472 30
924 3418 1121 3487 Chrysogonus

102 3491 182 3544 nri
196 3507 209 3544 e
223 3489 404 3560 Χρυσογόνου
