2460 3854
509 131 529 185 1.
558 138 583 197 4,
602 137 699 185 4-13.
1073 132 1116 196 23

92 320 110 358 e
129 300 223 375 plane
240 318 337 375 neque
356 299 367 356 i
386 299 519 358 auditur:
538 319 576 358 an
595 319 697 360 rursus
712 301 789 360 aliae
803 300 978 374 redundent,
997 303 1118 376 praeter
1153 301 1170 355 9

91 391 182 448 illam
200 383 346 466 <notam>
365 388 585 464 adspirationis,
608 408 685 464 quae
709 392 735 448 si
757 389 924 449 necessaria
947 391 1001 464 est,
1025 389 1116 448 etiam

93 480 280 538 contrariam
299 477 357 537 sibi
373 479 478 553 poscit,
498 480 529 537 et
547 479 576 555 k,
596 497 671 554 quae
691 481 721 537 et
738 481 805 553 ipsa
820 478 1008 554 quorundam
1021 480 1117 537 nomi-

93 589 168 626 num
186 570 262 626 nota
275 570 329 639 est,
349 569 379 625 et
392 586 421 642 q,
440 569 523 626 cuius
538 567 643 626 similis
659 569 765 626 effectu
779 569 944 643 specieque,
963 569 1022 626 nisi
1037 568 1118 643 quod

66 678 78 716 s
94 658 221 732 paulum
232 655 368 715 anostris
379 655 561 731 obliquatur,
576 674 672 731 eoppa
682 657 763 732 apud
772 654 900 716 Graecos
909 675 988 715 nuno
998 659 1117 715 tantum

94 746 126 803 in
154 764 280 803 numero
306 749 417 820 manet,
448 748 478 804 et
504 748 675 804 nostrarum
702 746 819 820 ultima,
848 765 907 821 qua
929 749 994 804 tam
1017 763 1117 804 carere

93 836 261 910 potuimus,
284 853 375 910 quam
397 836 446 910 psi
467 854 528 893 non
552 836 730 910 quaerimus.
760 837 849 911 atque
873 835 966 892 etiam
988 837 1020 893 in
1043 837 1117 910 ipsis
1133 835 1171 888 10
1207 850 1229 887 1,

93 924 251 983 vocalibus
262 925 452 1002 grammatici
461 927 507 982 est
519 924 630 999 videre,
645 944 683 982 an
694 924 810 999 aliquas
820 943 875 998 pro
886 924 1117 983 consonantibus

94 1031 166 1071 usus
181 1015 339 1088 acceperit,
358 1015 430 1088 quia
445 1008 529 1070 ‘iam'
545 1015 623 1072 sicut
638 1009 752 1071 ‘etiam'
769 1012 910 1072 scribitur
924 1014 954 1071 et
969 1007 1067 1088 ‘quos'
1082 1014 1118 1071 ut

54 1123 80 1162 ro
95 1097 198 1160 ‘tuos'.
233 1105 266 1160 at
293 1120 369 1177 quae
395 1104 432 1160 nt
458 1103 576 1161 vocales
603 1103 778 1180 iunguntur,
807 1105 859 1160 aut
882 1121 973 1160 unam
995 1102 1118 1179 longam

93 1191 220 1266 faciunt,
239 1193 274 1249 ut
291 1193 406 1250 veteres
425 1193 616 1266 scripserrmt,
636 1192 688 1266 qui
702 1191 903 1268 geminatione
918 1210 1021 1250 earum
1034 1192 1118 1249 volnt

95 1279 182 1355 apice
206 1279 378 1354 utebantur,
407 1283 460 1338 aut
482 1280 736 1358 <diphthongum
759 1281 911 1358 iungimus
932 1283 1033 1338 autem
1056 1298 1116 1338 non

94 1371 197 1444 plures
216 1364 329 1446 qnam>
347 1369 433 1429 duas:
457 1371 517 1428 nisi
539 1372 606 1445 quis
629 1372 720 1445 putat
743 1371 834 1427 etiam
858 1388 892 1428 ex
913 1368 1010 1427 tribus
1028 1387 1115 1428 voca·

94 1458 174 1516 libus
194 1457 343 1534 syllabam
355 1458 429 1532 fieri,
448 1459 474 1517 si
487 1479 548 1518 non
562 1459 681 1534 aliquae
696 1458 794 1517 officio
808 1458 1036 1517 consonantium
1050 1459 1116 1515 fun-

54 1549 216 1625 isgantur.
232 1549 355 1622 quaeret
364 1547 420 1605 hoc
430 1548 530 1622 etiam,
540 1567 599 1623 quo
609 1547 697 1606 modo
709 1547 823 1606 duabus
833 1547 952 1606 demum
961 1547 1117 1606 vocalibus
1134 1545 1169 1598 ll

94 1639 127 1694 in
147 1655 178 1695 se
196 1638 278 1712 ipsas
298 1636 422 1695 coeundi
441 1640 550 1695 natura
568 1637 617 1711 sit,
636 1655 703 1696 cum
718 1639 947 1696 consonantium
960 1637 1045 1695 nulla
1059 1636 1119 1696 nisi

95 1727 224 1784 alteram
246 1726 375 1803 frangat.
400 1728 486 1802 atqui
503 1727 607 1784 littera
624 1727 636 1783 i
655 1726 713 1784 sibi
730 1726 836 1784 insidit
854 1717 1014 1806 (boniicit’
1038 1727 1118 1784 enim

95 1819 142 1874 est
161 1815 199 1873 ab
218 1815 272 1873 illo
288 1807 398 1894 ‘iacit')
418 1817 448 1874 et
465 1835 495 1888 u,
515 1835 573 1890 quo
588 1815 676 1874 modo
691 1834 770 1873 nuno
785 1814 925 1874 scribitur
940 1809 1070 1892 ‘wilgus’
1087 1816 1119 1873 et

95 1898 232 1964 ‘servus'.
275 1906 351 1963 sciat
378 1906 471 1963 etiam
494 1903 630 1962 Ciceroni
653 1904 801 1980 placuisse
826 1898 898 1962 ‘aiio
921 1897 1117 1979 Maiiamque'

53 2016 79 2055 so
94 1995 250 2070 geminata
273 1993 284 2050 i
307 1992 448 2052 scribere:
478 1993 559 2069 quod
582 1996 608 2051 si
631 1997 685 2067 est,
713 1995 804 2052 etiam
826 1993 968 2070 iungetur
990 1995 1026 2052 ut
1048 2011 1117 2050 con-

94 2101 214 2142 sonans.
240 2101 331 2157 quare
355 2082 452 2140 discat
474 2102 557 2157 puer,
582 2083 654 2158 quid
676 2083 709 2140 in
727 2083 836 2140 litteris
855 2083 1020 2157 proprium,
1045 2081 1118 2156 quid
1135 2077 1170 2131 ¹2

93 2190 261 2246 commune,
292 2190 368 2246 quae
398 2190 466 2231 cum
496 2172 603 2247 quibus
635 2171 788 2248 cognatio:
820 2189 874 2228 nec
902 2172 1037 2244 miretur,
1066 2189 1119 2228 cur

93 2280 130 2319 ex
163 2255 308 2319 ‘scamno'
346 2259 400 2319 fiat
432 2246 611 2319 ‘stabillum'
646 2263 700 2318 aut
737 2278 755 2319 a
793 2253 917 2335 ‘pinno',
955 2259 1036 2334 qnod
1073 2261 1118 2318 est
1135 2278 1187 2345 ¹..·‹,
1204 2284 1219 2337 :'

94 2356 234 2424 acutum,
271 2350 381 2408 securis
417 2352 568 2425 utrimque
605 2350 717 2408 babens
750 2351 844 2408 aciem
877 2343 1047 2424 ‘bipennis’,
1081 2369 1136 2405 ne·
1179 2364 1184 2381 ’-

52 2439 218 2500 suillorum
241 2441 384 2514 sequatur
407 2458 545 2512 errorem,
574 2439 633 2515 qui,
658 2438 730 2514 qnia
754 2457 771 2496 a
794 2439 899 2514 pennis
923 2437 1038 2497 duabus
1061 2438 1117 2496 hoc

93 2546 157 2588 esse
180 2546 290 2586 nomen
313 2530 493 2603 existimant,
517 2547 629 2604 pennas
654 2529 756 2587 avium
779 2527 839 2585 dici
861 2527 977 2587 volunt.

161 2617 268 2692 Neque
300 2617 354 2675 has
386 2617 474 2676 modo
503 2619 621 2676 noverit
650 2617 841 2692 mutationes,
875 2635 948 2692 quas
978 2617 1118 2676 adferunt
1133 2610 1170 2664 13

92 2705 257 2765 declinatio
285 2710 339 2764 aut
366 2707 558 2781 praepositio,
586 2709 620 2764 ut
645 2702 738 2766 ‘secat
762 2706 864 2780 secuit,
895 2706 976 2764 cadit
1000 2705 1117 2778 excidit,

93 2795 193 2855 caedit
217 2793 335 2869 excidit,
359 2796 455 2855 calcat
478 2789 624 2854 exculcat'
648 2787 694 2876 (et
716 2795 751 2854 fit
774 2813 792 2854 a
816 2790 968 2855 ‘lavando'
991 2789 1115 2854 ‘lautus'

53 2907 79 2948 sc
93 2888 125 2943 et
146 2885 218 2943 inde
240 2903 343 2944 rursus
367 2879 501 2944 ‘inlotus’
527 2887 558 2943 et
580 2885 662 2942 mille
687 2877 770 2964 elia),
799 2884 850 2944 sed
874 2888 904 2944 et
928 2903 1003 2960 quae
1027 2885 1116 2944 rectis

167 3032 200 3081 19
220 3027 274 3098 frg.
294 3029 329 3082 K
344 3033 377 3082 18
398 3030 440 3082 M.
461 3028 491 3081 cf
506 3028 567 3082 Vel.
586 3028 673 3097 Long.
694 3029 764 3098 (Vll)
785 3034 827 3094 54,
849 3033 881 3081 16

165 3168 182 3216 2
202 3162 405 3232 adspirationis
423 3165 521 3216 notam
541 3163 648 3218 Gibsoa
720 3168 735 3215 3
754 3165 787 3216 ut
805 3163 825 3216 11
846 3164 1050 3230 chpcronnier
1190 3223 1191 3228 ἵ

91 3241 109 3288 4
136 3233 255 3290 effectus
280 3234 444 3303 speciesque
467 3243 520 3287 ΑΡ
608 3240 624 3287 o
651 3251 742 3304 eoppa
765 3236 903 3289 Boberias
926 3240 951 3288 et
971 3234 1117 3288 Gallaecos:

92 3321 186 3376 cappa
261 3305 341 3374 'Ipsi
359 3307 531 3360 PPitleoeas:
550 3306 574 3358 si
654 3307 747 3359 tiam
765 3305 839 3358 sicut
857 3308 917 3358 tam
936 3304 1070 3359 scribitur
1088 3308 1118 3359 et

111 3395 163 3432 uos
182 3379 217 3431 ut
236 3393 283 3430 cos
301 3386 389 3431 ABP:
413 3393 475 3432 cerr
494 3378 601 3432 Bitscbl
698 3383 731 3430 13
756 3377 827 3429 dnae
851 3378 930 3431 libri:
953 3373 1117 3446 δίφθογγον

121 3450 217 3516 r'tsebl;
245 3451 407 3502 seutentiam
433 3449 544 3502 restitui
639 3452 672 3500 28
701 3448 779 3501 cadit
807 3447 911 3501 cecidit
941 3447 1046 3502 Gabaon

92 3525 126 3574 19
146 3519 502 3589 laueusspaedinp.·10cus
586 3522 620 3571 30
640 3517 721 3574 mille
739 3518 815 3574 taba
836 3529 860 3573 A
880 3520 893 3590 1
914 3520 949 3573 et
965 3535 1013 3574 oro
1033 3527 1081 3569 sl·
