2460 3854
420 139 466 193 VI.
486 144 512 207 4,
533 144 645 195 14-22.
666 145 788 207 5,1-2.
1049 141 1115 206 355

96 311 167 369 bore
181 310 231 368 vel
250 308 396 381 desinant,
418 312 454 366 ut
471 309 525 368 illa
543 308 637 383 recipi
654 310 703 367 vel
721 310 823 385 respui
840 309 951 369 vident.
970 328 1114 368 nonnum·
1130 311 1168 367 20

99 417 201 474 quam,
225 397 250 456 si
272 417 336 456 rem
359 398 495 457 evolvere
518 400 704 474 propositam
722 398 810 457 facile
833 417 893 458 non
916 400 965 474 sit,
987 400 1115 458 inferen-

99 489 138 546 da
162 490 208 546 est
231 487 293 544 alia
316 489 461 562 quaestio,
485 490 577 562 atquc
599 488 631 544 in
655 505 722 545 eam
744 486 841 561 iudex,
871 488 898 546 si
919 487 985 546 fieri
1007 490 1115 563 potest,

100 576 280 636 avocandus.
304 575 376 651 quid
400 576 487 651 enim,
516 595 583 635 oum
605 575 783 651 respondere
805 595 865 634 non
893 577 998 652 possis,
1026 596 1115 656 agen-

74 666 172 725 odum
187 668 240 740 est,
263 665 322 724 nisi
340 667 376 723 nt
394 665 478 723 aliud
496 664 641 740 invenias,
665 667 714 723 cui
732 664 920 726 adversarius
938 667 1115 742 respondere

99 774 160 814 non
178 751 294 830 possit?
315 754 348 812 in
366 754 517 829 plerisque
535 753 616 812 idem
636 756 690 828 est,
712 757 747 812 ut
766 753 836 828 dixi,
860 755 911 830 qui
925 755 1005 814 circa
1022 758 1114 815 testes
1130 756 1167 812 21

98 844 190 918 locus,
215 846 245 902 et
267 845 401 919 personis
424 842 513 902 modo
531 843 633 916 distat,
658 843 737 918 quod
755 843 804 901 hic
822 846 1019 920 patronorum
1035 847 1116 904 inter

99 952 130 992 se
154 934 312 1007 certamen,
335 932 398 991 illic
421 950 523 1010 pugna
545 934 625 990 inter
646 934 754 991 testem
776 935 807 992 et
829 936 999 1008 patronum.

167 1021 350 1080 Exercitatio
387 1040 457 1080 vero
489 1020 579 1080 huius
611 1021 656 1079 rei
685 1022 774 1099 longe
805 1022 930 1081 facilior.
968 1041 1038 1081 nam
1070 1025 1116 1081 cst

62 1111 294 1170 inutilissimum
334 1109 505 1185 frequenter
536 1128 604 1168 cum
636 1110 752 1186 aliquo,
792 1111 846 1186 qui
877 1112 918 1170 sit
950 1111 1116 1170 studiorum

100 1199 269 1272 eonmdcm,
301 1217 416 1258 sumere
439 1201 597 1257 materiam
628 1200 678 1258 vel
707 1218 795 1258 veras
824 1201 873 1259 vel
906 1199 998 1259 etiam
1028 1200 1115 1260 fictae

99 1290 319 1348 controversiae
342 1290 373 1347 et
396 1287 528 1347 diversas
551 1291 653 1362 partes
676 1288 880 1348 altercationis
908 1289 996 1349 modo
1023 1289 1115 1348 tueri:

99 1378 181 1453 quod
212 1377 292 1436 idem
323 1378 415 1435 etiam
448 1378 480 1435 in
510 1377 640 1454 simplici
671 1396 778 1455 genere
811 1380 1019 1453 quaestionum
1051 1377 1117 1437 fieri

98 1469 207 1544 potest.
239 1485 276 1526 ne
305 1465 382 1524 illud
411 1464 531 1541 quidem
563 1467 701 1543 ignorare
735 1467 914 1526 advocatum
945 1467 1023 1542 volo,
1056 1485 1114 1542 quo
1130 1467 1168 1522 22

61 1574 237 1632 aquaeque
275 1555 377 1614 ordine
408 1554 547 1632 probatio
579 1556 620 1614 sit
656 1554 736 1632 apud
767 1555 896 1615 iudicem
928 1556 1115 1633 proferenda,

100 1646 184 1704 cuius
207 1644 251 1703 rei
275 1643 379 1702 eadem
402 1663 479 1719 qnae
502 1643 534 1701 in
557 1645 741 1721 argumentis
764 1645 842 1705 ratio
866 1648 919 1719 eat,
949 1648 985 1704 nt
1010 1648 1115 1721 poten-

98 1733 216 1792 tissima
239 1735 338 1809 prima
361 1736 414 1792 aut
436 1751 553 1793 summa
575 1737 739 1809 ponantur3
763 1734 817 1792 illa
841 1735 920 1793 enim
939 1733 977 1794 ad
996 1733 1114 1795 creden·

99 1823 170 1882 dum
193 1824 378 1899 praeparant
399 1822 536 1897 iudicem,
559 1822 631 1882 haec
654 1823 692 1881 ad
716 1823 980 1898 pronuntiandum.

363 1973 578 2046 [nummulo
597 1973 645 2028 ΕΤ
664 1971 851 2048 consulo]

60 2110 85 2150 io
165 2089 202 2148 V.
225 2089 282 2148 His
303 2108 359 2166 pro
381 2091 484 2150 nostra
507 2090 652 2150 facultate
674 2090 813 2149 tractatis
841 2109 901 2150 non
931 2090 1150 2151 dubitasseml

98 2181 228 2239 transim
251 2181 388 2256 protinus
416 2179 454 2239 ad
478 2179 713 2257 dispositionem,
742 2198 818 2255 qnae
846 2179 950 2239 ordine
977 2182 1043 2256 ipso
1071 2199 1115 2241 se-

98 2271 211 2345 quitur,
233 2269 293 2327 nisi
314 2288 433 2328 vererer
450 2288 497 2343 ne,
521 2271 662 2345 qnoniam
681 2270 812 2344 fuerunt,
836 2271 889 2344 qui
906 2270 1052 2328 indicium
1069 2271 1116 2328 in·

98 2358 235 2418 ventioni
257 2356 479 2436 subiungerent,
507 2360 685 2434 praeterisse
708 2359 788 2417 hunc
810 2359 909 2417 locum
937 2358 1113 2435 quibusdam

99 2447 224 2524 viderer,
254 2448 307 2523 qui
328 2466 395 2506 mea
419 2445 538 2522 quidem
569 2447 708 2522 opinione
741 2447 815 2507 adeo
848 2448 985 2524 partibus
1018 2451 1116 2524 operis

60 2556 85 2597 aa
99 2537 188 2595 huius
212 2536 348 2595 omnibus
372 2551 499 2594 conexus
523 2552 558 2592 ac
580 2536 692 2594 mixtus
711 2541 769 2612 est,
797 2539 831 2594 ut
853 2555 890 2595 ne
915 2557 932 2595 a
960 2539 1115 2597 sententiis

99 2624 219 2702 quidem
250 2628 304 2685 ant
331 2622 429 2682 verbis
461 2623 567 2681 saltem
601 2624 726 2700 singulis
758 2627 854 2702 possit
886 2628 1030 2702 separari,
1061 2646 1116 2686 nec

98 2717 195 2792 magis
219 2718 283 2773 arte
305 2710 439 2772 traditur
461 2729 552 2786 quam
574 2714 679 2788 gustus
707 2718 761 2772 aut
788 2715 868 2775 odor.
896 2715 1023 2792 ideoque
1050 2735 1113 2791 nos,
1133 2717 1150 2771 2

100 2804 173 2879 quid
195 2805 228 2862 in
251 2819 369 2878 quaque
392 2820 425 2859 re
448 2799 631 2875 sequendum
654 2804 876 2880 cavendumque
900 2804 953 2879 sit,
976 2805 1115 2864 docemus

99 2912 134 2953 ac
171 2892 309 2968 deinceps
347 2889 527 2964 docebimus,
563 2891 599 2948 ut
634 2889 673 2948 ad
705 2909 741 2948 ca
776 2894 921 2953 indicium
953 2894 1115 2972 derigatur.

58 3003 85 3044 ac
99 2981 284 3058 praecipiam
306 2980 410 3058 igitur,
432 2997 470 3038 ne
492 2978 573 3053 quod
595 2976 674 3037 effici
695 2998 756 3039 non
778 2984 878 3059 potest
897 2983 1115 3062 adgrediamur,

99 3074 134 3130 nt
157 3071 309 3131 contraria
331 3071 460 3129 vitemus
479 3071 509 3127 et
532 3069 710 3143 communia,
739 3089 776 3128 no
799 3072 872 3147 quid
894 3074 927 3131 in
950 3072 1115 3148 eloquendo

99 3211 312 3218 ——--—--..—.

173 3317 188 3366 6
208 3312 283 3365 idem
302 3314 345 3365 est
364 3311 515 3383 Spaldiap:
537 3309 622 3364 index
640 3311 684 3364 est
701 3318 750 3362 aa
768 3308 853 3365 index
872 3315 915 3368 est
934 3313 1114 3367 advocandus

101 3391 181 3437 m!
269 3389 283 3436 ‘1
303 3383 381 3438 locos
399 3385 429 3437 et
446 3398 581 3452 personas
604 3384 670 3436 Vct
687 3380 764 3435 locos
783 3382 813 3436 et
830 3399 964 3451 personae
983 3394 1011 3438 P

102 3459 135 3509 13
153 3454 184 3506 in
202 3463 264 3506 Pv:
283 3471 326 3509 om
344 3463 425 3508 aad!
496 3460 528 3509 1⁷
549 3454 610 3538 aut]
635 3450 926 3508 utncnv¹0c1=v¹
945 3457 1116 3510 summale

101 3527 226 3580 extrema
244 3526 275 3594 cf
289 3526 315 3581 V
335 3531 377 3589 12,
398 3531 431 3580 14
496 3531 537 3581 29
557 3524 698 3597 dirigatur
715 3524 797 3581 lica:
815 3540 878 3581 carr
895 3528 1012 3579 Memmi

927 3610 986 3664 ‘aa'
