2460 3854
441 132 500 219 xur.
520 138 562 199 11,
584 139 696 188 19-28.
1023 133 1086 199 183

72 319 192 360 causam
223 303 352 362 materis
384 307 438 377 est,
475 304 547 378 quic
578 305 611 360 in
640 305 844 362 controversia
879 322 975 379 pauca
1005 306 1084 378 sunt,

74 394 156 450 extra
181 393 291 465 omnia,
314 394 344 449 et
367 392 416 450 hic
438 392 550 451 dicitu
572 392 609 451 de
622 393 669 466 iis,
696 411 773 468 quae
801 395 984 469 accepimus,
1011 394 1084 468 illic,

70 480 239 556 dequibus
261 481 406 540 volumus.
443 500 498 540 nec
519 484 581 538 tam
612 481 668 540 hoc
696 483 938 558 praecipiendum
967 485 1020 556 est,
1050 485 1085 541 ut
1099 483 1138 538 26

71 569 285 645 quaestionem,
309 572 472 643 continens,
499 571 713 629 iudicationem
735 573 922 630 inveniamus
946 564 1031 639 (nam
1054 571 1086 630 id

47 658 191 734 squidem
214 658 303 717 facile
326 652 396 739 est),
419 678 509 734 quam
531 662 566 717 ut
588 661 759 718 intueamur
787 678 902 735 semper
925 663 979 718 aut
997 663 1085 735 certe,

70 749 96 807 si
119 747 248 825 digressi
270 749 423 822 fuerimus,
445 748 551 807 saltem
574 749 777 824 respiciamus,
805 769 843 808 ne
865 749 1006 825 plausum
1034 749 1084 808 ad·

70 837 251 896 foetentibus
270 856 353 895 arma
371 837 517 896 excidant.
541 837 690 896 Theodori
704 837 815 912 echols,
837 841 873 896 ut
891 839 962 911 dixi,
985 841 1085 897 omnia
1100 839 1136 893 27

69 927 161 985 refert
180 925 219 984 ad
237 927 345 1002 capita.
368 927 415 985 his
433 926 523 1002 plura
541 927 766 1004 intelleguntur,
783 946 843 986 uno
863 926 950 987 modo
969 946 1085 986 summa

70 1016 205 1091 quaestio
228 1017 302 1073 item
324 1019 360 1074 ut
382 1018 487 1089 status,
511 1016 606 1075 altero
629 1019 753 1090 ceterae,
776 1035 852 1091 quae
875 1016 913 1075 ad
936 1035 1085 1075 summam

47 1106 248 1178 creferuutur,
269 1107 360 1164 tertio
385 1107 550 1180 propositio
576 1123 644 1162 cum
668 1105 883 1179 adfirmatione,
906 1108 941 1163 ut
959 1105 1084 1164 dicimus

70 1189 172 1270 ‘caput
185 1195 231 1252 rei
249 1188 305 1253 est'
325 1187 421 1273 [apud
443 1193 640 1252 Menandrum
662 1192 825 1269 κεφάλαιόν
843 1188 945 1272 ἐστιν]
967 1197 1000 1252 in
1018 1197 1084 1252 uni-

68 1301 187 1342 versum
211 1285 320 1358 autem,
343 1282 489 1359 quidquid
510 1283 697 1358 probandum
731 1286 784 1357 est,
816 1285 874 1342 erit
897 1285 996 1359 caput,
1032 1283 1084 1342 sed

68 1372 99 1430 id
122 1373 221 1431 maius
245 1373 426 1430 autminus.

136 1460 178 1520 Et
202 1462 354 1536 quoniam,
387 1479 462 1536 quae
490 1461 526 1520 de
557 1461 605 1520 his
633 1464 719 1519 erant
751 1462 947 1537 scriptoribus
972 1462 1084 1520 artium
1098 1461 1137 1516 28

48 1550 191 1623 suscita,
214 1549 368 1610 verbosius
392 1551 493 1624 etiam,
522 1570 612 1626 quam
635 1568 754 1608 necesse
782 1553 856 1625 erat,
884 1552 1084 1626 exposuimus,

68 1642 233 1715 praeterea,
256 1657 333 1715 quae
355 1641 456 1714 partes
479 1643 577 1699 essent
598 1639 785 1698 iudicialium
804 1657 970 1714 causarum,
994 1658 1084 1714 supra

68 1728 180 1788 dictum
201 1730 255 1802 est,
273 1728 426 1803 proximus
443 1726 520 1788 liber
537 1729 645 1804 prima,
662 1728 695 1786 id
718 1731 764 1787 est
787 1727 906 1788 exordia
927 1730 1083 1804 concipiet.

138 1922 155 1970 5
175 1916 251 1970 certe
269 1921 331 1970 Ar:
350 1917 426 1970 certa
444 1925 473 1971 B
557 1922 589 1970 11
610 1918 639 1970 et
657 1916 734 1985 apud
752 1925 783 1982 A,
803 1917 1022 1971 additamentam
1041 1917 1084 1970 dcl

65 1988 205 2059 Spaldiap
283 1992 316 2041 14
335 2003 353 2042 u
371 1988 555 2057 scriptoribus
573 1987 636 2041 ΔΡ*
718 1994 751 2041 17
771 1987 898 2056 aprima
916 1987 946 2040 id
970 1992 1014 2040 est
1037 2004 1082 2040 ex·

66 2059 145 2114 ordio
168 2058 290 2128 incipiet
306 2068 329 2111 Δ
