2460 3854
487 132 521 187 V.
542 138 584 200 10,
603 137 718 186 46-56.
1045 131 1110 196 259

99 299 186 375 idque
209 304 275 358 tum
298 301 337 359 ad
359 301 538 376 qualitatem
557 302 760 377 scriptumque
774 301 913 376 pertinet,
937 304 971 358 ut
985 302 1010 360 si
1023 320 1112 378 nege-

101 409 161 448 mus
185 387 356 448 adulterum
378 409 491 450 veneno
514 390 634 450 licuisse
658 391 803 463 occidere,
834 392 900 448 tuni
930 390 969 448 ad
998 390 1111 479 qpniec·

102 482 179 538 tinas
203 497 331 554 quoquc,
353 482 389 537 ut
411 481 438 536 si
461 479 565 558 dicam
583 476 673 538 ‘bona
696 483 794 538 mente
818 479 940 553 factum,
968 479 1035 538 ideo
1059 499 1112 555 pa-

103 568 165 642 lam,
188 569 277 642 mala,
300 568 367 627 ideo
390 588 426 626 er
447 569 574 642 insidiis,
596 573 692 642 nocte,
714 569 746 626 in
769 563 950 628 solitudine'.

48 646 50 693 ἶ
85 675 94 712 c
162 657 198 714 In
220 657 309 716 rebus
337 660 438 716 autem
469 657 616 732 omnibus,
648 658 684 716 de
715 677 841 733 quarum
873 659 905 715 vi
936 675 970 715 ac
1002 660 1111 716 natura
1126 653 1187 712 ὅθ’

106 747 253 819 quaeritur
276 763 409 821 quasque
432 748 525 806 etiam
547 746 624 806 citra
643 747 827 822 complexum
851 765 1044 821 personarum
1067 765 1112 804 ce·

104 836 296 910 tironumque,
321 854 356 893 ex
380 835 487 910 quibus
510 834 545 893 fit
568 854 665 910 cansa,
689 855 743 911 per
766 855 797 894 se
815 837 928 894 intueri
945 855 1112 911 possumne

104 926 156 982 tria
178 923 243 984 sine
267 923 358 983 dubio
380 944 484 984 rursus
513 926 675 1000 spectanda
702 928 785 984 sunt:
818 944 857 982 an
884 927 933 998 sit,
964 925 1036 999 quid
1063 925 1111 999 sit,

105 1013 185 1088 quale
208 1014 257 1073 sit.
282 1013 333 1073 sed
357 1015 428 1089 quia
451 1019 521 1073 sunt
543 1014 666 1090 quidam
693 1014 751 1072 loci
780 1016 1023 1090 argumentorum
1051 1032 1112 1071 orn-

78 1101 183 1162 nnibus
212 1121 394 1175 communes,
422 1103 517 1161 dividi
548 1104 621 1162 haec
653 1105 713 1162 tria
745 1122 854 1179 genera
886 1121 946 1161 non
978 1104 1112 1178 possunt,

103 1191 222 1268 ideoque
245 1192 319 1250 locis
342 1193 452 1268 potius,
482 1195 517 1250 ut
538 1193 571 1249 in
594 1212 727 1267 quosque
749 1194 910 1265 incurrent,
941 1191 1112 1250 subicienda

103 1283 174 1339 sunt.
199 1281 352 1340 ducuntur
374 1300 444 1359 ergo
468 1286 644 1358 argumenta
667 1300 702 1339 ex
724 1281 859 1339 finitione
878 1299 930 1339 seu
947 1280 1018 1352 fine3
1042 1299 1112 1338 nam
1127 1277 1166 1334 54

103 1373 225 1445 utroque
246 1370 336 1429 modo
359 1371 497 1429 traditur.
526 1372 589 1428 eius
617 1371 725 1446 duplex
753 1371 830 1428 ratio
859 1373 916 1427 est:
949 1371 1001 1426 aut
1034 1371 1113 1426 enim

102 1458 292 1531 praecedente
324 1457 459 1518 finitione
498 1460 658 1534 quaeritur,
705 1461 782 1518 sitne
818 1459 874 1517 hoc
914 1460 1023 1531 virtus,
1061 1461 1114 1516 aut

76 1563 92 1602 u
102 1548 282 1623 simpliciter,
310 1548 383 1622 quid
406 1550 446 1607 sit
468 1550 574 1608 virtus.
597 1548 628 1606 id
652 1550 707 1606 ant
729 1549 900 1607 universum
923 1548 1021 1606 verbis
1046 1565 1114 1606 con-

48 1670 51 1691 ι
102 1638 265 1711 plectimur,
288 1641 322 1695 ut
346 1631 503 1696 ‘rhetorice
526 1640 572 1695 est
590 1637 663 1696 bene
682 1637 800 1697 dicendi
819 1632 965 1710 scientia'‚
989 1638 1042 1695 aut
1060 1655 1114 1712 per

102 1731 207 1800 partes,
230 1730 266 1785 ut
284 1719 446 1785 ⁴‘rhetorice
469 1730 514 1785 est
537 1727 709 1786 inveniendi
731 1730 811 1785 recte
834 1729 864 1784 et
883 1726 1059 1801 disponendi
1083 1728 1114 1784 et

101 1814 258 1891 eloquendi
281 1833 348 1873 cuni
370 1815 456 1874 finna
485 1818 629 1874 memoria
657 1822 688 1873 et
716 1835 782 1874 curn
810 1816 957 1892 dignitate
986 1817 1113 1873 actionis

102 1899 245 1963 scientia'.
274 1908 429 1980 praeterea
457 1905 575 1963 finimus
604 1907 656 1963 aut
685 1907 725 1977 vi,
758 1907 834 1964 siout
866 1906 1028 1979 superiora,
1061 1905 1114 1961 aut
1129 1901 1167 1956 55

73 1990 282 2074 ὴὴτυμολογίᾳ,
312 1998 348 2051 ut
371 1996 397 2051 si
420 1993 572 2052 assiduum
595 1993 632 2052 ab
661 2013 727 2051 aere
756 1993 853 2052 dando
882 1998 913 2050 et
934 1993 1114 2067 locupletem

100 2100 116 2140 a
137 2083 281 2155 locorum,
304 2082 498 2157 pecuniosum
516 2102 534 2141 a
552 2102 693 2159 pecorum
712 2085 804 2157 copia.
828 2082 958 2140 finitioni
977 2081 1114 2140 subiecta

99 2174 226 2230 maxime
256 2171 397 2230 videntur
426 2190 527 2249 genus,
559 2174 684 2247 species,
715 2171 861 2245 differens,
889 2171 1055 2246 proprium:
1080 2190 1114 2227 ex

99 2260 133 2320 iis
167 2261 304 2320 omnibus
333 2264 509 2338 argumenta
542 2261 696 2320 ducuntur.
730 2278 822 2338 genus
856 2261 893 2318 ad
930 2260 1115 2334 probandam
1129 2258 1170 2345 56Ι

100 2351 228 2424 speciem
251 2350 410 2407 minimum
432 2350 521 2424 valet,
546 2351 708 2425 plurimum
732 2349 769 2408 ad
787 2349 989 2408 refellendam.
1013 2349 1114 2424 itaque

64 2444 86 2488 ²⁵
98 2457 166 2517 non,
201 2439 271 2514 quia
307 2442 352 2497 est
384 2440 479 2514 arbor,
520 2441 661 2514 platanus
698 2443 752 2512 est,
790 2443 822 2497 at
859 2439 938 2514 quod
974 2458 1033 2496 non
1070 2442 1115 2497 est

100 2527 196 2600 arbor,
241 2527 345 2603 utique
392 2529 532 2603 platanus
578 2548 638 2587 non
689 2534 746 2588 est:
792 2547 845 2586 nec
891 2526 969 2602 quod
1019 2529 1114 2586 virtus

99 2620 152 2691 est,
175 2618 281 2692 utique
304 2618 422 2676 iustitia
452 2621 510 2692 est,
538 2621 570 2676 at
598 2618 678 2693 quod
705 2636 765 2675 non
795 2621 841 2675 est
871 2618 977 2689 virtus,
1009 2618 1114 2692 utique

99 2725 157 2764 non
181 2708 282 2780 potest
305 2725 368 2766 esse
386 2708 512 2766 iustitia.
537 2701 653 2784 [itaque
677 2702 737 2784 <a>
757 2726 863 2783 genere
881 2705 1115 2781 perveniendum

100 2795 138 2853 ad
161 2795 300 2853 ultimam
323 2798 460 2871 speciem,
489 2799 523 2854 ut
547 2792 647 2855 ‘homo
671 2800 715 2855 est
739 2791 862 2853 animal'
887 2814 947 2853 non
970 2798 1015 2853 est
1034 2797 1115 2869 satis

105 2949 108 2956 '
173 2949 268 3000 ltum
292 2964 334 3001 οπι
356 2948 421 3000 BP¹
539 2953 554 2999 2
584 2947 743 3000 adulterum
767 2965 830 3000 cnm
858 2963 963 3000 veneno
988 2945 1116 2998 licuisset

99 3034 155 3072 occ.
172 3012 279 3086 partim
297 3020 329 3071 in
346 3036 395 3072 rac
413 3029 435 3071 A
455 3019 499 3072 ad.
519 3036 578 3072 ven.
603 3019 715 3072 licuisse
740 3035 795 3072 occ.
822 3018 870 3071 sed
893 3018 937 3071 val
960 3016 1043 3085 (ferro
1068 3015 1115 3085 1³¹)

100 3089 257 3158 oportuisse
276 3091 425 3158 BPltum
445 3091 481 3142 ad
500 3108 543 3144 one
561 3100 589 3142 B
660 3090 883 3159 3ideoque111’
953 3089 1059 3141 dcitra
1078 3098 1115 3141 P:

101 3161 175 3214 cirea
199 3169 249 3213 AB
322 3167 353 3213 11
373 3164 406 3214 ut
425 3179 550 3229 quosque
570 3172 629 3227 BP,
650 3179 696 3215 *a
716 3162 867 3229 inquosA
941 3166 974 3212 12
994 3177 1043 3212 seu
1061 3159 1116 3213 fine

100 3264 133 3272 -
153 3232 277 3287 traditur
295 3233 338 3287 del
357 3234 508 3288 Volkmann
582 3238 614 3285 13
629 3233 689 3287 eius
705 3250 747 3287 om
761 3243 783 3284 A
857 3237 962 3285 14-15
982 3230 1115 3299 simplici-

100 3307 143 3358 ter
156 3309 182 3358 et
194 3304 381 3372 praecedente
402 3306 450 3373 (sic
467 3314 491 3356 A
516 3306 549 3359 Vt
565 3322 586 3373 p
605 3309 669 3371 398,
698 3304 881 3358 antecedente
901 3314 928 3356 ι’
945 3303 1062 3356 cedente
1080 3305 1116 3371 Β)

100 3374 229 3428 finitione
243 3378 402 3443 composui
416 3392 477 3430 cam
501 3378 536 3430 Vt
608 3382 640 3428 20
662 3376 684 3428 si
699 3393 742 3429 oni
756 3385 810 3428 ΒΡ
880 3374 1117 3444 26s2‘1quodvir-

100 3449 146 3501 tua
166 3448 210 3500 est
227 3445 325 3513 utique
344 3446 455 3500 iustitia
475 3450 518 3501 est
537 3449 567 3500 at
586 3464 628 3501 cm
646 3457 700 3499 BP
715 3446 827 3500 iustitia
846 3449 889 3500 est
910 3448 940 3500 at
963 3445 1039 3512 quod
1060 3461 1117 3498 non

100 3521 144 3572 cst
155 3517 242 3570 virtus
250 3533 292 3571 cm
301 3527 338 3571 A:
347 3519 457 3588 repplet
471 3519 505 3573 Vt
573 3524 605 3573 27
619 3520 824 3576 seclasoona'sit
836 3520 874 3576 Vt
886 3521 930 3590 tu
943 3517 1003 3572 add
1010 3518 1129 3570 lindius

923 3606 979 3642 in*
