2460 3854
102 138 145 202 28
406 136 634 202 QVINTILIANI
651 135 743 191 INST.
763 135 821 191 oa.

67 307 86 362 5
171 306 273 366 Prima
291 306 510 366 barbarismi
529 325 563 366 ac
582 307 790 365 soloecismi
808 304 936 364 foeditas
955 304 1046 364 absit·
1075 304 1129 365 sed

103 397 176 471 quia
203 395 326 454 interim
353 398 531 455 excusantur
557 396 631 454 haec
658 395 735 455 vitia
758 397 812 453 aut
834 393 1049 453 consuetudine
1074 398 1128 454 aut

104 483 283 544 auctoritate
312 488 365 543 aut
392 487 542 544 vetustate
571 488 624 543 aut
646 483 774 560 denique
797 483 954 542 vicinitate
976 485 1128 544 virtutum

38 605 41 610 .
104 567 189 654 (nam
220 591 307 649 saepe
338 593 356 633 a
385 574 489 652 figuris
518 592 554 632 ea
581 592 720 649 separare
747 571 869 631 difficile
899 564 972 654 est):
1004 592 1042 631 ne
1067 592 1128 648 qua

103 667 167 722 tam
189 662 304 721 lubrica
328 662 497 723 observatio
515 663 612 736 fallat,
636 663 745 722 acriter
763 680 794 721 se
812 663 845 719 in
862 662 940 720 illud
957 664 1048 721 tenue
1067 662 1128 722 dis·
1150 679 1159 723 a

104 753 215 811 crimen
238 754 453 830 grammaticus
475 752 622 825 intendat,
645 751 682 810 de
701 770 760 827 quo
779 769 833 810 nos
851 752 944 810 latius
962 751 1006 809 ibi
1025 752 1128 827 loque·

68 841 180 915 dmur,
210 840 263 899 ubi
294 841 331 900 de
362 841 467 921 figlinis
500 840 644 900 orationis
676 839 868 899 tractandum
897 841 963 900 erit.
1003 842 1128 899 interim

103 931 220 1004 vitium,
244 931 324 1005 quod
346 931 381 989 fit
402 932 435 989 in
454 930 580 1008 singulis
600 929 708 1003 verbis,
731 930 772 989 sit
789 928 1001 989 barbarismus.
1026 948 1128 989 occur·

103 1021 153 1078 rat
180 1019 255 1078 mibi
281 1021 383 1079 forsan
414 1020 536 1095 aliquis:
574 1019 647 1094 quid
673 1018 722 1077 hic
748 1020 895 1094 promisso
923 1020 1004 1077 tanti
1027 1020 1127 1094 operis

105 1106 250 1185 dignum?
274 1111 327 1168 aut
351 1108 416 1184 quis
439 1108 496 1168 hoc
519 1108 623 1183 nescit,
647 1109 723 1167 alios
745 1107 946 1168 barbarismos
970 1107 1127 1168 scribendo
1140 1110 1162 1168 11

105 1197 183 1271 fieri,
216 1197 291 1256 alios
325 1198 476 1273 loquendo
518 1189 605 1278 (quia
639 1197 719 1274 quod
754 1198 832 1256 male
863 1196 1017 1271 scribitur,
1047 1197 1127 1257 male

106 1289 198 1344 etiam
220 1286 281 1345 dici
303 1305 421 1346 necesse
445 1289 498 1361 est,
523 1305 599 1362 quae
622 1288 730 1346 vitiose
754 1286 872 1362 dixeris,
895 1306 956 1346 non
973 1286 1080 1362 utique
1099 1288 1129 1345 11

106 1375 217 1450 scripto
250 1368 412 1456 peccant)?
448 1333 524 1434 ilhid
557 1375 640 1451 prius
671 1376 838 1435 adiectione
867 1375 1115 1435 detractionem

50 1472 53 1476 '
92 1467 274 1523 ‚mutatione
303 1467 565 1542 transmutatione,
596 1465 653 1524 hoc
683 1465 844 1525 secundum
874 1464 1021 1524 divisione
1049 1484 1130 1524 com·

2 1523 16 1577 5
73 1554 243 1630 iplexione
271 1556 369 1640 spatio
398 1573 470 1614 sono
499 1512 664 1613 contineri?
706 1555 758 1613 sed
786 1557 820 1613 ut
842 1573 937 1630 parva
961 1556 1023 1613 sint
1045 1555 1164 1631 1111111

36 1712 39 1718 ¹
105 1645 192 1718 pueri
215 1642 358 1702 docentur
382 1644 478 1702 adhuc
501 1646 532 1702 et
554 1644 765 1721 grammaticos
785 1642 878 1703 officii
896 1643 943 1703 sui
961 1662 1130 1703 commone·

2 1728 4 1734 ’
105 1750 180 1792 mus.
205 1751 240 1790 11
265 1732 372 1808 quibus
396 1735 512 1809 siquis
536 1735 593 1791 erit
615 1733 705 1807 plane
728 1733 873 1810 inpolitus
897 1735 928 1792 et
946 1733 1130 1792 vestibulum

105 1819 193 1880 modo
218 1821 293 1880 artis
315 1822 405 1881 huius
427 1822 587 1900 ingressus,
610 1823 690 1880 intra
713 1822 795 1896 haec,
823 1841 899 1898 quae
922 1822 1131 1897 profitentium

107 1911 359 1969 commentariolis
391 1911 517 1988 vulgata
532 1985 534 1990 .
549 1913 632 1986 sunt,
665 1913 822 1986 consistet,
854 1911 1002 1972 doctiores
1032 1913 1131 1972 multa

107 1999 250 2075 adicient3
282 2000 331 2058 vel
362 2000 418 2059 hoc
449 2002 593 2075 primum,
627 2001 705 2075 quod
737 1999 958 2059 barbarismum
989 2001 1131 2076 pluribus
1144 2020 1167 2060 11

72 2089 202 2148 8111111
234 2090 404 2166 accipimus.
446 2110 539 2147 unum
566 2093 663 2168 gente,
694 2091 781 2165 quale
804 2092 853 2165 sit,
880 2089 996 2165 siquis
1019 2090 1131 2149 Afrum

109 2179 154 2237 vel
177 2177 347 2254 Hispanum
365 2177 492 2239 Latinae
517 2180 646 2238 orationi
668 2198 777 2238 nomen
800 2180 926 2238 inserat:
949 2182 985 2238 ut
1008 2179 1132 2255 ferrum,

108 2287 166 2342 quo
196 2271 280 2327 rotae
307 2269 493 2342 vinciuntur,
524 2268 584 2328 dici
611 2269 686 2328 solet
715 2263 853 2344 ‘cautus',
884 2287 1067 2344 quamquam
1097 2288 1131 2329 eo

106 2360 263 2432 tamquam
280 2360 400 2433 recepto
419 2357 517 2417 utitur
535 2357 662 2432 Persius,
687 2359 764 2416 sicut
783 2356 920 2416 Catullus
945 2353 1131 2434 ‘ploxenum'

108 2444 187 2504 circa
216 2446 331 2505 Padum
362 2447 491 2521 invenit,
525 2449 555 2506 11
584 2447 616 2504 11
647 2448 781 2506 oratione
810 2445 937 2505 Labieni
968 2439 1047 2528 (1111
1076 2449 1133 2507 illa
1146 2465 1169 2506 11

109 2533 228 2593 Corneli
260 2534 341 2594 Galli
378 2528 436 2616 est)
473 2538 506 2593 in
538 2535 704 2594 Pollionem
737 2531 879 2595 ‘casamo'
913 2535 1084 2597 adsectator
1117 2557 1133 2597 e

109 2622 209 2682 Gallia
237 2624 359 2683 ductum
387 2627 445 2684 est:
481 2644 551 2682 nam
577 2620 790 2700 ‘mastrucam',
821 2625 900 2701 quod
925 2628 970 2684 est
994 2624 1133 2705 Sardum,

73 2713 241 2772 binridens
266 2712 369 2773 Cicero
398 2734 433 2773 11
455 2714 605 2773 industria
628 2714 713 2773 dixit.
755 2715 884 2773 alterum
907 2734 1000 2792 genus
1022 2715 1133 2775 barba-

108 2803 194 2861 rismi
217 2804 388 2879 accipimus,
416 2803 497 2880 quod
518 2802 554 2861 fit
577 2805 671 2863 animi
693 2806 812 2879 natura,
839 2807 875 2863 ut
896 2805 932 2880 is,
960 2823 978 2862 a
1002 2823 1062 2880 quo
1086 2807 1133 2864 in·

110 2892 239 2951 solenter
276 2892 350 2968 quid
383 2896 437 2951 aut
468 2893 625 2952 minaciter
657 2896 711 2951 aut
742 2893 902 2952 crudeliter
934 2893 1048 2953 dictum
1082 2897 1133 2971 sit,
1147 2913 1173 2954 ao

181 3102 215 3150 24
234 3098 309 3151 Pers.
329 3103 354 3165 o,
375 3103 407 3151 71
428 3129 461 3138 -
482 3097 541 3152 Cat.
562 3102 636 3164 97,6
656 3129 689 3138 —-
710 3104 745 3152 28
764 3115 803 3153 or.
822 3118 849 3168 p.
866 3098 971 3153 Scauro
991 3103 1024 3152 20
1045 3099 1133 3172 (411)

182 3282 197 3330 9
226 3277 381 3346 promissor
408 3285 477 3330 oms
503 3278 535 3344 cf
557 3277 664 3332 Horati
691 3279 761 3334 artis
788 3281 881 3332 o138
973 3283 1006 3331 15
1037 3280 1135 3348 spatio

112 3349 257 3403 01111111·
285 3366 329 3403 om
347 3348 385 3399 A¹
403 3348 576 3417 aspiratione
595 3348 687 3402 A²BP
766 3354 800 3403 20
818 3349 971 3404 barbarum
989 3358 1017 3401 B
1030 3351 1137 3419 probat

112 3457 244 3512 01111111
303 3461 337 3509 26
357 3455 463 3510 casami
478 3454 627 3510 affectator
640 3466 682 3508 Ab
696 3437 841 3510 caiamum
856 3437 1020 3511 affectanti
1035 3456 1136 3531 P’mp,

101 3543 147 3578 om
164 3527 209 3578 ΡΙ
280 3532 316 3582 28
336 3527 451 3583 barbari
469 3537 500 3583 Β
512 3529 614 3599 probra
634 3527 767 3584 01111111
837 3533 871 3580 ‘aa
890 3528 944 3581 liat
961 3537 988 3580 Β
