2460 3854
404 145 742 212 mammaea
880 190 884 196 .
1044 145 1085 209 Π

58 315 190 393 ingenio
214 315 312 372 minus
340 315 430 390 valet,
460 315 516 374 hoc
546 333 577 373 se
608 317 705 392 magis
737 316 874 374 attollere
902 320 931 374 et
959 315 1086 374 dilatare

59 408 204 478 conatur,
228 408 262 462 ut
284 405 402 463 statura
429 405 532 462 breves
558 406 591 462 in
619 404 731 481 digitos
759 407 915 482 eriguntur
942 407 972 462 et
999 405 1087 479 plura

59 493 181 552 infirmi
203 495 364 551 minantur.
387 512 458 550 nam
481 493 611 552 tumidos
635 497 665 551 et
688 496 842 568 corruptos
866 496 896 552 et
909 494 1043 553 tinnulos
1057 496 1087 551 et
1119 501 1138 554 9

63 601 258 658 quocumque
282 584 342 641 alio
366 581 530 641 cacozeliae
553 602 660 659 genere
683 585 839 658 peccantes
862 585 976 640 certum
990 582 1086 641 habeo

62 692 127 731 non
151 671 272 744 virium,
295 671 347 729 sed
369 671 555 730 infirmitatis
569 671 644 730 vitio
663 671 807 746 laborare,
829 675 865 729 ut
883 690 1009 746 corpora
1026 691 1086 730 non

64 761 185 834 robore,
217 760 267 818 sed
298 761 470 819 valetudine
502 760 654 836 inflantur,
692 763 722 818 et
762 763 843 819 recto
875 761 983 819 itinere
1013 761 1087 820 lassi

63 851 245 926 plerumque
268 850 434 908 devertunt.
459 849 517 907 erit
540 868 609 927 ergo
633 849 725 908 etiem
748 850 908 923 obscurior,
932 868 991 924 quo
1006 852 1086 925 quis-

65 958 124 1015 que
149 939 287 997 deterior.

135 1028 206 1086 Non
230 1027 339 1086 excidit
361 1027 443 1100 mihi,
467 1026 618 1102 scripsisse
646 1047 693 1085 me
721 1030 753 1085 in
780 1027 857 1087 libro
884 1029 991 1103 priore,
1019 1047 1086 1086 cum
1102 1032 1141 1089 1⁰

48 1116 219 1193 »potiorem
241 1117 271 1174 in
296 1116 404 1175 scholis
428 1116 625 1175 eruditionem
649 1135 712 1176 esse
736 1136 826 1191 quam
850 1117 930 1174 domi
949 1117 1086 1190 dicerem,

65 1205 212 1264 libentius
235 1224 266 1264 se
290 1207 387 1280 prima
411 1205 510 1264 studia
532 1208 709 1280 tenerosque
731 1206 881 1281 profectus
901 1206 939 1264 ad
961 1207 1086 1264 imitati-

67 1315 156 1353 onem
180 1293 459 1369 condiscipulorum,
483 1313 560 1369 quae
587 1295 706 1353 facilior
734 1299 819 1369 esset,
848 1295 976 1371 erigere:
1006 1295 1086 1370 quod

67 1403 86 1442 a
111 1383 291 1458 quibusdam
316 1385 358 1443 sic
381 1385 478 1458 accipi
490 1385 597 1459 potest,
620 1387 776 1459 tamqnam
794 1384 876 1457 haec,
900 1403 990 1458 quam
1008 1403 1087 1442 nunc

66 1476 165 1546 tneor,
188 1473 336 1531 sententie
358 1475 454 1547 priori
476 1472 594 1532 diversa
617 1475 664 1532 sit.
688 1473 720 1530 id
743 1492 762 1531 a
783 1493 830 1531 me
853 1473 957 1548 procul
976 1473 1085 1546 aberit,

48 1581 200 1637 suamque
230 1580 265 1619 ea
295 1580 384 1620 causa
416 1562 464 1620 vel
495 1564 627 1621 maxima
660 1565 719 1636 est,
749 1581 802 1620 cur
834 1564 947 1637 optimo
980 1565 1086 1637 cuique
1102 1566 1138 1623 11

66 1650 257 1727 praeceptori
280 1652 320 1708 sit
342 1650 504 1709 tradendus
527 1671 609 1726 puer,
637 1651 717 1727 quod
744 1651 824 1726 apud
852 1671 918 1708 eum
947 1652 1086 1726 discipuli

68 1759 189 1816 quoque
212 1740 320 1799 melius
342 1739 476 1798 instituti
499 1743 553 1799 eut
576 1740 684 1814 dicent,
715 1741 795 1815 quod
825 1740 931 1799 inutile
958 1760 1018 1799 uon
1047 1741 1087 1798 sit

66 1830 193 1903 imitari,
217 1831 270 1887 aut
292 1830 319 1886 si
342 1829 413 1903 quid
437 1831 608 1902 erraverint,
633 1829 736 1888 statim
759 1829 957 1905 corrigentur:
987 1833 1019 1887 at
1041 1830 1086 1886 in-

67 1919 176 1978 doctus
199 1917 250 1974 ille
274 1917 363 1976 etiam
387 1918 528 1992 probabit
551 1919 677 1977 fortasse
699 1919 809 1977 vitiosa
833 1921 863 1976 et
889 1919 1007 1993 placere
1035 1937 1085 1975 au·

48 2006 221 2067 ›dientibus
244 2005 355 2066 indicio
379 2025 431 2066 suo
456 2010 549 2084 coget.
574 2009 614 2065 sit
637 2027 707 2084 ergo
731 2011 793 2067 tam
809 2008 980 2081 eloquentia
995 2026 1086 2082 quam
1102 2010 1139 2063 la

66 2095 204 2155 moribus
245 2098 535 2171 praestantissimus,
578 2097 630 2171 qui
668 2097 703 2155 ed
742 2095 897 2154 Phoenicis
934 2096 1087 2155 Homerici

68 2185 239 2260 exemplum
263 2186 359 2244 dicere
383 2204 418 2245 ac
441 2187 538 2244 facere
561 2186 674 2243 doceat.

103 2337 165 2408 [DE
189 2336 311 2390 PRIMIS
334 2336 432 2390 APUD
457 2335 661 2391 RHETOREM
684 2336 1056 2406 EXEROITATIONIBUS.]

137 2469 190 2526 IV.
214 2468 291 2527 Hinc
314 2471 384 2542 iam,
408 2488 481 2545 quas
505 2473 617 2546 primas
645 2474 676 2529 in
705 2470 836 2529 docendo
864 2472 959 2546 partis
986 2471 1084 2528 rheto-
1120 2472 1137 2526 1

48 2579 136 2617 ¹‚rum
159 2561 271 2634 putem,
293 2559 411 2617 tradere
434 2561 578 2634 incipiam
605 2562 701 2619 dilata
731 2580 891 2637 parumper
918 2561 981 2632 illa,
1009 2579 1085 2637 quae

67 2648 136 2708 sola
168 2647 257 2724 vulgo
289 2651 426 2720 vocatur,
457 2653 519 2707 arte
550 2650 711 2709 rhetorice:
745 2671 778 2709 ac
802 2651 873 2708 mihi
900 2652 1085 2724 opportunus

67 2737 199 2795 maxime
222 2735 342 2794 videtur
363 2737 513 2814 ingressus
537 2739 574 2797 ab
594 2759 637 2813 ec,
661 2741 744 2798 cuius
764 2739 878 2814 aliquid
893 2740 990 2797 simile
1005 2738 1086 2814 apud

68 2826 281 2904 grammaticos
305 2845 378 2901 puer
401 2826 545 2886 didicerit.

137 2915 178 2972 Et
201 2916 272 2990 quia
299 2916 513 2990 narrationum,
542 2919 665 2992 excepta
693 2936 753 2991 qua
779 2917 811 2974 in
840 2919 936 2976 causis
964 2917 1086 2990 utimur,
1120 2917 1138 2972 2

48 3006 125 3064 stris
149 3004 311 3079 accipimus
335 3006 456 3080 specieS,
478 3006 651 3081 fabulam,
676 3026 751 3080 quae
772 3009 910 3066 versatur
923 3007 955 3064 in
968 3010 1085 3083 tragoe-

68 3093 126 3153 diis
152 3096 244 3169 atque
268 3094 448 3153 carminibus
472 3114 530 3154 non
555 3114 572 3152 a
596 3095 723 3153 veritate
746 3095 847 3168 modo,
878 3096 928 3153 sed
952 3097 1045 3153 etiam
1067 3113 1086 3152 a

69 3184 168 3242 forma
191 3184 327 3241 veritatis
350 3185 474 3258 remota,
498 3188 760 3261 argumentum,
791 3183 1011 3260 quodfalsum,
1035 3183 1086 3242 sed

68 3291 138 3331 vero
173 3270 269 3330 simile
297 3273 465 3332 comoediae
498 3273 623 3349 fingunt,
655 3274 862 3347 historiam,
894 3274 925 3331 in
953 3292 1013 3348 qua
1040 3276 1086 3331 est

67 3364 171 3440 gestae
195 3362 240 3419 rei
263 3363 417 3437 expositio,
441 3362 643 3437 grammaticis
668 3366 768 3422 autem
786 3363 918 3438 poeticas
938 3362 1085 3421 dedimus:

141 3536 174 3582 17
195 3528 339 3583 discente
412 3536 446 3584 30
466 3532 627 3603 accepimus
647 3543 670 3590 Α
