2438 3832
151 143 216 208 130
466 140 694 208 vammM
710 139 751 194 ΙΝ
753 139 802 195 ST.
822 138 879 193 OR.

150 311 304 387 propriam
321 310 522 388 Hermagoras
541 310 630 384 viam,
653 308 884 384 quamplurimi
902 311 973 367 sunt
995 308 1099 367 secuti.
1119 303 1196 367 cni

150 402 279 459 maxime
293 418 348 475 par
363 401 452 475 atque
472 400 606 458 aemulus
624 398 744 457 videtur
756 397 929 456 Athenaeus
948 397 1050 456 fuisse.
1069 398 1190 457 multa

150 491 219 564 post
242 488 420 564 Apollonius
442 487 553 563 Molon,
579 487 676 545 multa
704 487 808 559 Areus,
834 487 932 545 multa
959 484 1109 546 Caecilius
1137 487 1186 545 οὐ

97 579 134 632 17
151 577 382 636 Halicarnassus
396 577 567 652 Dionysius.
587 576 747 653 praecipue
756 578 857 635 tamen
866 576 898 633 in
908 593 939 634 se
954 576 1185 635 converterunt

151 667 251 725 studia
269 666 470 743 Apollodorus
489 665 698 744 Pergamenus,
721 667 774 740 qui
791 666 968 741 praeceptor
983 663 1178 740 Apolloniae

151 754 286 815 Caesaris
307 755 440 832 Augusti
462 755 530 828 fuit,
553 759 584 814 et
606 753 776 813 Theodorus
800 751 961 826 Gadareus,
984 754 1089 828 quise
1109 753 1179 813 dici

150 844 259 903 maluit
281 844 446 902 Rhodium:
469 863 558 919 quem
580 843 712 901 studiose
736 842 861 916 audisse,
885 860 952 901 cum
974 843 1099 900 ineam
1123 844 1173 900 in-

98 934 136 988 18
152 934 250 992 sulam
273 934 447 1006 secessisset,
471 933 580 991 dicitur
603 931 739 991 Tiberius
759 929 876 990 Caesar.
899 930 930 988 hi
950 930 1084 990 diversas
1104 933 1172 1007 opi-

149 1023 253 1081 niones
289 1021 478 1080 tradiderunt
511 1021 713 1097 appellatique
746 1020 814 1078 inde
853 1019 1096 1095 Apollodorei
1134 1038 1171 1079 uc

151 1111 356 1169 Theodorei
386 1111 424 1168 ad
453 1129 565 1168 morem
589 1111 685 1167 certas
714 1111 746 1166 in
773 1108 963 1184 philosophia
995 1112 1094 1167 sectas
1123 1128 1169 1168 se·
1185 1118 1211 1164 ro

151 1199 269 1274 quendi.
297 1199 349 1258 sed
372 1198 548 1275 Apollodori
570 1199 730 1274 praecepta
752 1199 848 1274 magis
871 1215 906 1254 ex
934 1196 1092 1272 discipulis
1121 1216 1170 1256 co-

151 1305 285 1365 gnoscas,
315 1306 441 1363 quorum
471 1287 715 1364 diligentissimus
738 1288 769 1344 in
792 1285 937 1344 tradendo
968 1285 1028 1344 fuit
1058 1284 1167 1345 Latine

153 1376 183 1435 G.
208 1377 344 1453 Valgius,
369 1376 479 1434 Graece
501 1376 629 1434 Atticus.
661 1395 732 1433 nam
755 1377 849 1449 ipsius
877 1375 941 1433 sola
968 1373 1092 1434 videtur
1120 1394 1182 1440 ars

151 1467 233 1524 edita
252 1465 290 1523 ad
308 1464 444 1538 Matium,
460 1467 531 1539 quia
549 1467 661 1523 ceteras
680 1465 771 1523 missa
790 1463 827 1522 ad
846 1463 1016 1522 Domitium
1035 1465 1165 1540 epistula

150 1574 211 1613 non
234 1554 376 1630 agnoscit.
407 1553 495 1628 plura
525 1555 644 1629 scripsit
673 1552 853 1625 Theodorus,
884 1551 967 1611 cuius
998 1553 1164 1612 auditorem
1174 1567 1193 1610 s

151 1643 358 1719 Hermagoran
381 1645 451 1700 sunt
474 1642 525 1716 qui
549 1642 685 1700 viderint.
906 1649 908 1652 '

100 1733 137 1786 19
218 1732 421 1790 Romanorum
443 1733 568 1805 primus,
592 1735 738 1805 qnantum
758 1748 813 1806 ogo
832 1729 953 1804 quidem
971 1731 1074 1806 sciam,
1099 1749 1163 1791 con·

151 1821 230 1880 didit
252 1821 354 1895 aliqua
376 1822 409 1876 in
430 1820 507 1878 hanc
530 1820 688 1878 materiam
709 1818 749 1876 M.
770 1817 853 1892 (lato,
875 1821 944 1894 post
957 1819 996 1876 M.
1016 1819 1164 1878 Antonius

152 1905 218 1989 [ille
237 1903 401 1987 censorius]
420 1909 586 1967 incohavit:
608 1928 679 1967 nam
701 1909 756 1966 hoc
779 1908 876 1967 solum
895 1925 969 1982 opus
988 1909 1052 1967 eius
1076 1911 1164 1984 atque

151 2000 182 2057 id
200 2001 300 2076 ipsum
318 1998 516 2074 inperfectum
534 1999 642 2055 manet.
666 1998 760 2057 secuti
773 1999 871 2054 minus
885 1995 1024 2072 celebres,
1040 2016 1164 2072 quornm
1176 2015 1197 2056 11

98 2088 137 2141 ‘20
151 2089 334 2162 memoriam,
358 2089 465 2162 siquo
489 2088 555 2145 loco
578 2105 625 2144 res
649 2088 760 2162 poscet,
789 2104 848 2144 non
871 2086 1018 2143 omittam.
1052 2086 1164 2161 praeci·

151 2198 245 2253 puum
267 2196 337 2235 vero
368 2177 469 2234 lumen
500 2176 577 2234 siout
610 2175 805 2250 eloquentiae,
837 2173 881 2232 111
904 2175 1074 2250 praeceptis
1094 2194 1165 2251 quo-

152 2286 209 2341 que
233 2267 296 2324 eius
320 2266 402 2324 dedit
424 2266 546 2323 unicum
569 2264 648 2340 apud
672 2282 725 2322 nos
748 2265 896 2338 specimen
925 2263 1165 2323 orandidocen-

152 2355 242 2429 dique
279 2355 425 2413 oratorias
462 2356 541 2412 artes
578 2353 618 2411 M.
656 2353 786 2426 Tullius,
821 2354 890 2427 post
932 2370 1021 2426 quem
1067 2355 1165 2412 tacere

151 2443 402 2501 modestissimum
426 2444 514 2518 foret,
542 2443 602 2500 nisi
633 2446 663 2501 et
691 2441 853 2499 rhetoricos
877 2458 945 2498 suos
974 2441 1040 2516 ipse
1064 2441 1164 2500 111111-
1179 2459 1201 2501 u

151 2533 247 2590 scenti
264 2532 322 2590 sibi
336 2532 452 2606 elapsos
468 2532 586 2605 diceret,
605 2534 635 2589 et
648 2532 680 2588 in
699 2532 837 2588 oratoriis
856 2530 928 2588 haec
941 2531 1069 2604 minora,
1089 2550 1165 2606 quae

99 2619 329 2696 21plerumque
348 2620 561 2694 desiderantur,
580 2621 674 2677 sciens
694 2621 848 2678 omisisset.
872 2619 992 2692 scripsit
1010 2618 1047 2690 de
1062 2619 1167 2679 cadem

152 2709 279 2768 materia
301 2728 360 2767 non
382 2728 479 2784 pauca
500 2707 681 2782 Cornificius
706 2709 806 2783 aliqua
822 2707 991 2780 StertiniuS,
1014 2726 1075 2766 non
1089 2708 1167 2767 nihil

151 2801 238 2873 pater
262 2796 374 2872 Gallio,
403 2797 573 2856 adcuratius
600 2816 670 2855 vero
698 2799 811 2873 priores
839 2794 974 2854 Gallione
1003 2794 1107 2856 Celsus
1137 2801 1167 2856 et

151 2886 267 2946 Laenas
287 2890 317 2945 et
335 2889 444 2946 aetatis
462 2889 581 2945 nostrae
600 2886 770 2962 Verginiae,
787 2885 912 2959 Plinius,
931 2885 1071 2943 Tutilius.
1096 2888 1168 2945 sunt
1181 2905 1206 2946 ao

154 2979 184 3034 11
206 2976 292 3034 hodie
317 2976 390 3034 clari
413 2976 544 3034 eiusdem
568 2977 664 3051 operis
684 2978 827 3048 auctores
851 2975 903 3049 qui
921 2975 947 3031 si
965 2973 1067 3032 omnia
1086 2992 1166 3034 oom-

152 3066 232 3140 plexi
254 3066 362 3140 forent,
386 3064 602 3123 consuluissent
624 3064 721 3122 labori
743 3082 817 3135 meo,
847 3063 897 3121 sed
920 3079 1010 3138 parco
1038 3065 1166 3122 nomini·

152 3155 207 3212 bus
244 3154 423 3212 viventium:
459 3154 560 3211 veniet
596 3171 696 3210 eorum
728 3152 812 3210 laudi
843 3170 927 3209 suum
959 3154 1094 3228 tempus3
1128 3153 1167 3211 ad

153 3245 286 3318 posteros
311 3242 389 3299 enim
412 3243 509 3301 vi1tus
533 3241 662 3315 durabit,
684 3261 743 3299 non
766 3242 920 3316 perveniet
941 3239 1065 3299 invidia.

226 3383 258 3429 18
277 3377 343 3444 post
356 3392 399 3429 om
412 3385 466 3428 BP
519 3381 551 3429 19
570 3376 660 3446 plosso
673 3377 732 3429 sede
746 3391 798 3428 sao
811 3375 984 3428 convincitur
1039 3375 1166 3445 231111]

153 3448 278 3502 eiusdem
295 3457 319 3499 Α
364 3493 366 3497 ,
392 3453 424 3499 27
444 3446 572 3515 plerique
590 3445 752 3500 desiderant
769 3455 823 3498 BP
843 3447 847 3514 Ι
870 3447 899 3498 11
918 3444 1031 3514 scripsit
1049 3454 1078 3499 Β

225 3524 258 3572 29
277 3520 407 3571 accurate
425 3528 480 3571 ΒΡ
