2460 3854
138 905 178 963 M.
202 906 314 965 Fabius
338 905 541 976 Quintilianus
565 906 719 982 Tryphoni
741 925 794 966 suo
818 908 955 966 salutem.
997 905 1125 966 Billa-l

78 996 178 1073 putasti
208 995 360 1054 cotidiano
391 996 534 1068 eonvioio,
562 998 598 1054 ut
620 995 722 1072 libros
753 1015 827 1071 quos
851 996 890 1055 ad
913 996 1091 1056 Marcellum

78 1103 171 1143 meum
189 1084 226 1143 de
244 1084 433 1144 institutione
452 1087 585 1143 oratoria
603 1085 789 1161 scripseram,
811 1087 873 1144 iam
892 1086 1028 1145 emittere
1045 1087 1090 1143 in-

78 1175 209 1248 ciperem.
237 1192 309 1232 nam
330 1175 395 1250 ipse
418 1192 468 1233 eos
490 1174 624 1233 nondum
642 1174 789 1248 opinabar
807 1177 881 1234 satis
900 1177 1090 1249 maturuisse,

59 1263 179 1338 equibus
203 1263 427 1339 eomponendis,
454 1265 490 1322 ut
516 1264 587 1337 sois,
615 1264 706 1340 paulo
729 1264 799 1338 plus
823 1283 913 1340 quam
935 1264 1091 1323 biennium

77 1352 118 1410 tot
140 1353 257 1427 alioqui
283 1353 411 1431 negotiis
435 1351 590 1411 districtus
612 1353 759 1428 impendi:
787 1353 868 1429 quod
889 1355 1008 1430 tempus
1031 1373 1091 1412 non

78 1443 134 1499 tam
157 1441 229 1501 stilo
254 1460 344 1516 quam
366 1442 558 1517 inquisitioni
584 1443 720 1501 instituti
743 1444 841 1517 operis
863 1462 957 1519 prope
979 1442 1092 1502 infiniti

78 1532 103 1588 et
123 1530 258 1608 legendis
281 1531 463 1605 auctoribus,
487 1533 538 1606 qui
561 1534 631 1589 sunt
648 1531 889 1606 innumerabiles
913 1532 1016 1590 datum
1037 1535 1090 1591 est.

78 1638 141 1678 usus
169 1619 276 1678 deinde
298 1619 408 1679 Horati
435 1620 568 1693 oonsilio,
599 1622 652 1696 qui
678 1622 711 1680 in
738 1623 804 1680 arte
830 1622 950 1696 poetica
976 1617 1127 1695 suadent

49 1727 107 1767 rone
142 1709 359 1784 praeeipitetur
396 1709 488 1768 editio
524 1726 691 1784 nouumque
717 1714 872 1783 prematur
903 1713 937 1769 be
968 1728 1090 1780 aarum,

78 1797 180 1856 dabam
209 1799 248 1857 iis
279 1800 386 1873 otium,
416 1801 453 1856 ut
478 1799 655 1876 refrigerato
683 1799 865 1858 inventionis
894 1817 994 1858 amore
1022 1799 1090 1857 dili-

77 1889 190 1963 gentius
208 1888 352 1962 repetitos
370 1890 526 1963 tamquam
543 1887 638 1947 lector
654 1888 875 1964 perpenderem.
895 1888 947 1947 sed
960 1889 987 1946 si
999 1891 1086 1946 tanto
1106 1885 1125 1940 Β

77 1993 159 2050 opere
189 1976 395 2054 efflagItantur
425 1995 515 2052 quam
541 1979 577 2036 tu
605 1977 754 2051 adfirmas,
784 1979 994 2052 permittamus
1022 1977 1090 2035 vela

77 2066 168 2124 ventis
192 2068 222 2125 et
245 2085 329 2124 oram
351 2066 536 2126 solventibus
553 2066 627 2125 bene
645 2085 807 2142 precemur.
840 2066 970 2124 multum
989 2069 1090 2124 autem

50 2154 104 2214 uin
126 2157 181 2214 tua
204 2173 322 2230 quoque
344 2154 402 2214 fide
421 2174 456 2214 ae
474 2155 633 2232 diligentia
652 2157 785 2231 positum
803 2158 857 2229 est,
881 2157 965 2213 utin
983 2173 1089 2214 manus

78 2241 226 2303 hominum
249 2263 339 2319 quam
363 2244 595 2304 emendatissimi
618 2245 749 2304 veniant.

144 2437 160 2486 9
179 2433 259 2488 Artis
274 2433 431 2505 poetieaese
450 2437 508 2488 388

116 3524 295 3573 θπκωωινι
310 3531 349 3574 ed.
362 3532 598 3577 Radermeohen.
614 3534 638 3576 L
