2460 3854
501 142 548 198 IV.
569 149 594 212 a,
614 149 728 197 15-2e.
1061 142 1127 207 203

111 313 149 371 sit
170 312 252 386 sciet,
276 311 329 371 sed
351 311 395 371 ita
417 312 533 370 factum
556 312 660 387 etiam,
691 323 726 371 ut
748 312 833 370 uobis
863 312 989 388 expedit,
1021 315 1124 388 opina-

110 401 197 460 bitur.
221 420 318 476 nequa
341 402 421 458 enim
443 403 577 459 narratio
601 402 633 459 in
655 401 711 460 hoc
733 404 852 477 reperta
877 405 930 476 est,
952 404 987 459 ut
1004 403 1124 460 tantum
1139 409 1177 465 21

110 492 268 567 cognoscat
289 489 388 564 iudex,
411 488 463 548 sed
477 490 632 565 aliquanto
651 492 757 568 magis,
780 493 815 549 ut
829 490 1002 549 consentiat.
1023 510 1124 566 quare,

109 581 332 642 etiamsinon
356 581 413 637 erit
436 578 593 652 docendus,
623 579 675 638 sed
699 579 799 654 aliquo
822 578 910 638 modo
935 579 1124 653 adficiendus,

84 668 296 727 enarrabimus
316 687 382 727 cum
400 669 630 742 praeparatione
650 668 791 742 quadam:
816 663 903 727 ‘scire
917 668 1037 743 quidem
1057 688 1125 727 eum

109 756 138 814 in
160 776 319 831 summam,
343 757 415 832 quid
439 758 499 815 acti
522 757 575 831 sit,
602 760 703 816 tamen
730 758 877 816 rationem
906 776 1023 832 quoque
1050 757 1124 816 facti

109 846 250 922 cuiusque
274 864 451 924 cognoscere
475 865 513 904 ne
535 842 697 922 gravetur’.
721 846 843 905 interim
856 850 979 921 propter
994 847 1125 921 aliquem
1139 852 1178 907 22

108 937 137 993 in
160 935 321 994 consilium
344 934 511 993 adhibitum
538 953 592 994 nos
619 939 752 1011 repetere
782 935 837 994 illa
864 935 1046 1008 simulemus,
1078 938 1124 994 in·

107 1024 204 1098 terim,
229 1029 265 1082 ut
291 1025 344 1098 rei,
376 1043 453 1099 quae
486 1043 521 1082 ex
552 1024 675 1083 adverso
708 1027 903 1100 proponatur,
931 1024 1124 1100 iniquitatem

72 1126 208 1173 roomnes
246 1113 339 1172 etiam
370 1115 598 1172 circumstantes
629 1113 814 1191 intellegant.
860 1115 893 1172 in
925 1132 984 1188 quo
1017 1132 1124 1191 genere

109 1203 245 1276 plurimis
272 1201 377 1279 figuris
409 1202 467 1260 erit
497 1201 642 1261 varianda
674 1202 820 1278 expositio
853 1202 892 1260 ad
923 1202 1124 1279 effugiendum

108 1292 240 1351 taedium
262 1293 335 1350 nota
358 1291 516 1364 audientis,
546 1292 625 1350 sicut
648 1285 835 1351 ‘meministi'
859 1295 890 1350 et
914 1287 1052 1350 ‘sortasse
1076 1309 1123 1349 su·

108 1399 288 1455 pervacuum
310 1379 402 1439 fuerit
424 1380 473 1439 hic
495 1375 694 1454 commorari',
724 1377 787 1439 ‘sed
815 1381 888 1456 quid
916 1399 970 1457 ego
1002 1379 1123 1453 diutius,

110 1487 173 1528 cnm
194 1473 231 1528 tu
250 1470 362 1544 optime
380 1465 493 1529 norisP'
519 1463 631 1548 [‘illud,
654 1471 742 1545 quale
766 1470 814 1544 sit,
837 1473 872 1528 tu
895 1464 999 1548 scias']
1024 1469 1122 1528 ethis

79 1573 99 1614 re
109 1559 226 1618 similia.
259 1557 382 1634 alioqui,
415 1560 439 1617 si
473 1558 554 1634 apud
585 1560 722 1633 iudicem,
764 1561 811 1617 cui
843 1562 916 1617 nota
948 1577 1038 1617 causa
1070 1561 1122 1634 est,
1138 1562 1176 1616 23

108 1649 239 1706 narratio
268 1666 385 1722 semper
420 1647 540 1707 videtur
569 1666 762 1723 supervacua,
793 1651 894 1724 potest
929 1647 1026 1706 videri
1063 1666 1123 1705 non

109 1754 223 1813 semper
245 1755 309 1795 esse
332 1738 424 1795 etiam
446 1739 514 1813 ipsa
537 1737 616 1796 actio
640 1739 813 1797 necessaria.

170 1826 312 1884 Alterum
334 1829 389 1901 est,
412 1826 448 1884 de
472 1845 532 1901 quo
555 1826 742 1900 frequentius
761 1827 923 1902 quaeritur,
948 1844 986 1883 an
1006 1827 1046 1883 sit
1063 1825 1122 1882 uti·
1136 1827 1176 1882 24

108 1934 162 1990 que
190 1916 325 1973 narratio
352 1916 503 1990 prooemio
537 1915 721 1973 subicienda:
756 1915 835 1990 quod
867 1914 919 1989 qui
952 1915 1122 1988 opinantur,

76 2013 162 2062 ’cnon
186 2007 315 2080 possunt
337 2004 433 2062 videri
460 2005 545 2061 nulla
567 2005 683 2062 ratione
707 2003 797 2062 ducti.
824 2023 896 2061 nam
923 2021 991 2060 cum
1017 2020 1122 2078 prooe-

104 2094 198 2152 mium
212 2093 324 2152 idcirco
343 2095 548 2168 comparatum
563 2094 611 2166 sit,
635 2097 669 2151 ut
682 2093 771 2151 iudex
786 2093 823 2150 ad
836 2111 900 2150 rem
919 2090 1123 2166 accipiendam

103 2182 157 2241 fiat
181 2183 378 2255 conciliation
402 2182 535 2255 docilior,
557 2182 710 2256 intentior,
734 2185 764 2239 et
786 2181 924 2256 probatio
948 2181 1008 2238 nisi
1030 2197 1122 2238 causa

102 2271 188 2347 prius
212 2272 334 2348 cognita
355 2290 416 2330 non
437 2273 534 2346 possit
558 2271 701 2346 adhiberi,
730 2273 867 2346 protinus
895 2270 984 2327 iudex
1011 2269 1121 2327 notitia

102 2380 205 2419 rerum
227 2359 419 2419 instruendus
442 2360 569 2418 videtur.
593 2359 645 2418 sed
667 2361 723 2419 hoc
746 2379 864 2436 quoque
887 2358 1008 2417 interim
1021 2360 1122 2417 mutat
1136 2362 1175 2417 25

60 2455 87 2500 ⁸⁵
103 2449 240 2509 condicio
260 2467 424 2524 causarum,
452 2451 511 2508 nisi
536 2449 613 2509 forte
639 2449 677 2508 M.
700 2450 817 2508 Tullius
844 2451 877 2507 in
898 2449 1032 2507 oratione
1055 2449 1122 2523 pul-

104 2539 261 2613 cherrima,
285 2557 376 2613 quam
398 2557 452 2614 pro
476 2538 587 2597 Milone
610 2540 752 2614 scriptam
775 2538 907 2615 reliquit,
930 2538 1008 2595 male
1027 2537 1121 2595 distu-

103 2628 175 2687 lisse
198 2629 403 2687 narrationem
425 2627 545 2687 videtur
567 2628 663 2687 tribus
686 2630 866 2704 praepositis
887 2627 1120 2702 quaestionibus.

104 2737 144 2775 an
165 2717 331 2792 profuisset
352 2736 506 2792 exponere,
530 2737 589 2793 quo
612 2718 700 2777 modo
723 2718 848 2777 insidias
871 2717 979 2775 Miloni
1002 2716 1121 2775 fecisset

105 2805 238 2880 clodius,
260 2808 287 2864 si
309 2825 401 2880 reum,
425 2806 479 2881 qui
501 2825 520 2864 a
543 2826 573 2866 se
591 2808 741 2866 hominem
755 2809 885 2866 occisum
898 2807 1052 2874 fateretur,
1071 2806 1120 2862 de-

57 2900 91 2950 so
104 2894 187 2954 fendi
219 2896 340 2954 omniuo
372 2896 418 2954 fas
450 2915 510 2954 non
540 2897 655 2968 fuisset,
693 2899 745 2954 aut
782 2899 808 2955 si
844 2896 905 2953 iam
937 2895 1120 2969 praeiudicio

104 2987 226 3043 senatus
250 2985 408 3044 damnatus
437 2989 514 3044 esset
536 2985 623 3057 Milo,
652 2986 705 3041 aut
732 2987 759 3043 si
787 2983 838 3043 On.
867 2984 1040 3058 PompeiuS,
1068 2984 1122 3059 qui

103 3076 225 3148 praeter
254 3073 346 3132 aliam
378 3074 508 3150 gratiam
537 3073 681 3131 iudicium
705 3075 795 3130 etiam
821 3073 968 3131 militibus
996 3072 1120 3130 armatis

104 3163 244 3236 cluserat,
265 3165 422 3238 tamquam
441 3163 581 3221 adversus
596 3163 624 3219 ei
642 3160 818 3219 timeretur?
842 3180 912 3238 ergo
926 3161 983 3219 hae
1002 3178 1120 3236 quoque
1135 3169 1175 3222 26

177 3319 211 3367 10
230 3330 332 3383 genere
356 3331 398 3368 om
422 3325 440 3366 c
522 3319 555 3366 14
578 3312 651 3365 illud
676 3344 710 3352 —
734 3313 807 3366 scias
831 3330 874 3367 om
903 3313 939 3367 Vt
953 3329 975 3381 p
997 3317 1048 3365 426

104 3391 138 3438 25
158 3385 195 3438 Μ.
216 3401 259 3438 om
281 3385 318 3440 Vt
335 3395 363 3438 B
438 3390 471 3438 28
491 3401 528 3438 an
542 3385 702 3439 Eberhard:
726 3386 777 3437 aut
793 3393 872 3436 AB?
887 3382 961 3436 nihil
978 3382 1054 3437 enim
1078 3384 1122 3449 Vt,

102 3457 178 3510 αηάε
195 3456 267 3509 haut
286 3458 389 3511 Becher
476 3461 510 3509 29
529 3455 635 3510 fatetur
657 3455 723 3507 31⁸¹
804 3460 837 3507 32
856 3457 971 3524 propter
990 3454 1078 3508 aliam
1096 3464 1124 3507 B

101 3530 221 3596 propter
238 3525 363 3594 aliquam
382 3537 411 3581 P
