2438 3832
163 127 229 192 292
472 127 700 192 QVINTILIANI
716 125 808 182 INST.
828 128 884 181 CR.

162 296 218 355 bus
241 295 495 372 propositionibus
518 297 637 370 iunctis,
660 300 695 354 ut
716 315 770 372 pro
794 295 926 355 Vareno:
951 291 1032 356 ‘cum
1049 297 1109 355 iter
1126 317 1181 373 per

164 403 251 462 agros
275 388 306 445 et
327 386 394 444 loca
421 386 485 444 sola
513 385 625 444 faceret
654 404 721 443 oum
751 385 943 459 Pompuleno,
970 386 1002 444 in
1030 386 1180 445 familiam

163 473 384 532 Ancharianam
406 473 546 532 incidisse
569 473 715 548 dixerunt,
739 474 844 532 deinde
862 474 1084 549 Pompulenum
1104 475 1179 534 occi-

163 582 229 622 sum
253 580 324 636 esse,
353 563 423 621 ilico
451 562 604 622 Varenum
633 564 767 622 vinctum
796 563 1000 637 adservatum,
1031 564 1103 622 dum
1130 566 1180 622 hic

163 652 341 724 ostenderet,
372 651 444 727 quid
467 651 503 710 de
527 671 561 710 eo
583 651 649 710 fieri
672 645 782 710 vellet'
811 651 891 726 quod
912 652 1036 728 prodest
1063 655 1178 728 utique,
1205 673 1215 714 s

163 743 189 799 si
212 743 269 799 erit
290 741 472 800 incredibilis
495 743 540 799 rei
562 741 634 800 ordo
659 742 689 800 et
711 742 778 815 ipsa
801 741 984 815 expositione
1008 740 1099 800 fidem
1113 762 1178 817 per·

163 829 288 888 diturus.
312 830 433 888 interim
455 848 509 906 per
531 831 632 904 partes
656 829 838 902 dissolvitur,
862 829 942 904 quod
965 832 1108 889 contextu
1126 851 1179 890 no-

163 921 219 992 cet,
242 922 273 977 et
295 920 469 994 plerumque
492 919 525 976 id
548 921 594 978 est
620 921 723 977 tutius.
753 918 899 993 quaedam
927 918 1178 979 contradictiones

162 1010 272 1067 natura
295 1010 366 1066 sunt
388 1008 537 1085 singulae:
560 1008 592 1065 id
615 1007 756 1082 exemplis
779 1026 839 1066 non
862 1009 937 1085 eget.

111 1096 150 1151 29
233 1095 408 1156 Communia
431 1096 505 1154 bene
529 1096 754 1171 adprenduntur
777 1115 836 1155 non
858 1099 987 1169 tantum,
1011 1097 1083 1172 quin
1103 1097 1177 1156 utri·
1192 1119 1215 1158 ro

163 1205 256 1261 usque
288 1189 360 1244 sunt
391 1187 500 1261 partis,
534 1185 584 1244 sed
616 1187 688 1260 qnia
717 1185 785 1261 plus
817 1188 944 1260 prosunt
975 1186 1177 1261 respondenti.

165 1294 260 1350 neque
284 1274 363 1333 enim
386 1274 508 1352 pigebit,
533 1275 612 1349 quod
635 1293 722 1348 saepe
740 1274 851 1348 monui,
874 1275 998 1333 referre:
1022 1294 1178 1334 commune

110 1373 149 1428 80
165 1365 217 1438 qui
244 1365 327 1438 prior
354 1362 440 1437 dicit,
469 1363 650 1422 contrarium
678 1361 772 1421 lacit.¹
800 1365 845 1421 est
874 1363 952 1421 enim
983 1366 1178 1438 eontrarium,

164 1471 223 1527 quo
247 1451 432 1511 adversarius
455 1452 528 1511 bene
552 1453 598 1510 uti
621 1453 733 1526 potest:
758 1447 802 1509 ‘at
826 1451 904 1509 enim
921 1470 980 1509 non
1000 1455 1064 1510 veri
1080 1454 1177 1511 simile

164 1543 217 1615 est,
246 1544 364 1599 tantum
396 1540 491 1599 scelus
520 1540 559 1598 M.
593 1539 712 1599 Cottam
745 1559 806 1599 esse
837 1544 1045 1599 commentum.
1083 1540 1177 1616 quid?
1191 1563 1215 1602 ιε

162 1629 219 1687 hoc
242 1631 306 1687 veri
324 1629 420 1688 simile
435 1632 489 1702 est,
512 1631 630 1688 tantum
653 1629 748 1689 scelus
762 1628 898 1704 ,Oppium
917 1648 979 1689 esse
1003 1625 1175 1690 conatuml’

164 1717 288 1776 artificis
318 1720 420 1776 autem
450 1720 495 1776 est
524 1719 656 1776 invenire
685 1719 718 1776 in
748 1721 863 1776 actione
897 1718 1068 1792 adversarii,
1101 1738 1177 1795 quae

163 1807 242 1864 inter
264 1810 357 1866 semet
384 1807 451 1882 ipsa
482 1809 618 1884 pugnent
648 1809 701 1864 aut
733 1825 867 1885 pugnare
902 1808 1065 1884 videantur,
1100 1826 1177 1883 quae

164 1895 326 1970 aliquando
364 1915 398 1954 ex
427 1895 515 1954 rebus
549 1897 623 1969 ipsis
653 1895 813 1954 manifesta
846 1899 924 1969 sunt,
956 1898 991 1954 ut
1022 1898 1054 1953 in
1088 1915 1178 1956 causa

165 1983 306 2043 Caeliana
330 1983 434 2044 Clodia
458 2003 563 2042 aurum
586 2003 616 2043 se
640 1983 740 2043 Caelio
764 1984 965 2044 commodasse
989 1985 1071 2058 dicit,
1097 1986 1177 2061 quod
1191 2008 1214 2047 re

163 2075 282 2151 signum
305 2093 432 2150 magnae
454 2073 669 2132 familiaritatis
693 2076 747 2147 est,
776 2093 922 2132 venenum
945 2073 1004 2132 sibi
1027 2078 1177 2152 paratum,

110 2163 243 2238 81quod
262 2165 369 2222 summi
387 2162 448 2221 odii
471 2165 678 2239 argumentum
702 2165 755 2222 est.
778 2162 894 2221 Tubero
912 2162 1068 2240 Ligarium
1092 2182 1177 2223 accu-

163 2256 219 2326 sat,
244 2252 324 2327 quod
347 2253 372 2310 is
395 2253 426 2309 in
449 2250 553 2309 Africa
571 2252 670 2324 fuerit,
693 2253 724 2309 et
743 2252 885 2326 queritur,
909 2252 987 2327 quod
1002 2252 1040 2310 ab
1059 2271 1094 2311 eo
1114 2253 1177 2327 ipse

163 2343 196 2399 in
219 2341 353 2399 Africam
374 2359 433 2398 non
457 2340 498 2399 sit
521 2339 675 2398 admissus
700 2340 861 2415 aliquando
880 2360 950 2399 vero
968 2341 1094 2414 praebet
1113 2342 1176 2400 eius

164 2431 206 2488 rei
243 2432 427 2489 occasionem
464 2429 562 2487 minus
599 2427 784 2487 considerata
817 2448 852 2487 ex
889 2430 1012 2489 adverso
1050 2430 1176 2489 dicentis
1190 2451 1213 2492 sc

163 2520 273 2578 oratio:
301 2518 380 2594 quod
409 2517 517 2576 accidit
548 2518 705 2592 praecipue
738 2517 852 2592 cupidis
885 2521 1109 2595 sententiarum,
1142 2523 1177 2578 ut

163 2609 246 2667 ducti
269 2609 421 2667 occasione
445 2607 562 2666 dicendi
579 2626 639 2665 non
658 2607 828 2680 respiciant,
852 2607 925 2681 quid
944 2607 1081 2682 dixerint,
1106 2609 1177 2667 dum

109 2697 147 2752 82
162 2697 262 2755 locum
285 2700 480 2772 praesentem,
502 2716 562 2755 non
581 2699 677 2754 totam
695 2713 814 2754 causam
834 2696 997 2755 intuentur.
1022 2697 1095 2772 quid
1114 2702 1177 2756 tam

163 2784 259 2843 videri
280 2789 379 2861 potest
403 2789 506 2844 contra
529 2784 698 2843 Cluentium
722 2803 813 2859 quam
836 2784 968 2844 censorie
986 2783 1079 2843 note?
1104 2786 1177 2863 quid

163 2877 226 2931 tum
259 2878 362 2932 contra
394 2874 526 2949 eundem,
560 2893 650 2949 quam
681 2873 776 2931 filium
809 2872 845 2930 ab
878 2873 1008 2951 Egnatio
1042 2877 1177 2952 corrupti
1189 2896 1214 2936 ao

162 2962 275 3035 iudicii,
299 2981 356 3037 quo
382 2960 534 3021 Cluentius
558 2961 756 3038 Oppianicum
779 2963 1027 3037 circumvenisset,
1052 2964 1175 3023 erimine

236 3164 1174 3237 struncon-141).Oppiofrn.IIIeM.-noere-ance

236 3368 249 3415 1
269 3359 526 3430 praepositionibus
544 3370 595 3414 ΑΒ
675 3363 826 3431 tprodest
844 3364 959 3418 Becher:
983 3366 1026 3416 est
1111 3372 1128 3420 8
1147 3368 1177 3420 et

159 3452 204 3490 om
221 3443 275 3488 ΑΡ
377 3437 408 3484 18
428 3431 514 3502 inter]
533 3435 629 3486 contra
648 3443 671 3485 Α
779 3441 812 3488 21
832 3434 955 3504 signum]
974 3435 1062 3488 etiam
1080 3446 1103 3488 Α

149 3514 186 3563 24
207 3525 272 3565 reto
291 3524 337 3565 om
355 3515 379 3560 A
