<?xml version="1.0" encoding="UTF-8"?>
<!DOCTYPE html PUBLIC "-//W3C//DTD XHTML 1.0 Transitional//EN"
    "http://www.w3.org/TR/xhtml1/DTD/xhtml1-transitional.dtd">
<html xmlns="http://www.w3.org/1999/xhtml" xml:lang="en" lang="en">
 <head>
  <title>
</title>
<meta http-equiv="Content-Type" content="text/html;charset=utf-8" />
  <meta name='ocr-system' content='tesseract 3.04.00' />
  <meta name='ocr-capabilities' content='ocr_page ocr_carea ocr_par ocr_line ocrx_word'/>
</head>
<body>
  <div class='ocr_page' id='page_1' title='image "./mfabiqvintilian00quingoog/mfabiqvintilian00quingoog_0224.png"; bbox 0 0 2460 3854; ppageno 0'>
   <div class='ocr_carea' id='block_1_1' title="bbox 496 140 1120 208">
    <p class='ocr_par' dir='ltr' id='par_1_1' title="bbox 496 140 1120 208">
     <span class='ocr_line' id='line_1_1' title="bbox 496 140 1120 208; baseline -0.002 -13"><span class='ocrx_word' id='word_1_1' title='bbox 496 140 544 195; x_wconf 81' lang='lat' dir='ltr'>IV.</span> <span class='ocrx_word' id='word_1_2' title='bbox 563 147 589 208; x_wconf 85' lang='lat' dir='ltr'>a,</span> <span class='ocrx_word' id='word_1_3' title='bbox 608 147 722 195; x_wconf 82' lang='lat' dir='ltr'>ae-ae.</span> <span class='ocrx_word' id='word_1_4' title='bbox 1054 141 1120 206; x_wconf 81' lang='lat'>205</span> 
     </span>
    </p>
   </div>
   <div class='ocr_carea' id='block_1_2' title="bbox 60 300 1172 3059">
    <p class='ocr_par' dir='ltr' id='par_1_2' title="bbox 102 300 1169 565">
     <span class='ocr_line' id='line_1_2' title="bbox 102 300 1120 387; baseline 0.001 -19"><span class='ocrx_word' id='word_1_5' title='bbox 102 329 161 368; x_wconf 91' lang='lat' dir='ltr'>uno</span> <span class='ocrx_word' id='word_1_6' title='bbox 184 300 275 368; x_wconf 85' lang='lat' dir='ltr'>verbo</span> <span class='ocrx_word' id='word_1_7' title='bbox 298 312 332 368; x_wconf 90' lang='lat' dir='ltr'>in</span> <span class='ocrx_word' id='word_1_8' title='bbox 354 311 490 386; x_wconf 90' lang='lat' dir='ltr'>qualibet</span> <span class='ocrx_word' id='word_1_9' title='bbox 511 312 640 369; x_wconf 89' lang='lat' dir='ltr'>actionis</span> <span class='ocrx_word' id='word_1_10' title='bbox 667 315 753 387; x_wconf 85' lang='lat' dir='ltr'>parte</span> <span class='ocrx_word' id='word_1_11' title='bbox 780 312 880 386; x_wconf 84' lang='lat' dir='ltr'>posito</span> <span class='ocrx_word' id='word_1_12' title='bbox 907 311 981 369; x_wconf 87' lang='lat' dir='ltr'>satis</span> <span class='ocrx_word' id='word_1_13' title='bbox 1008 311 1120 370; x_wconf 86' lang='lat' dir='ltr'>indice-</span> 
     </span>
     <span class='ocr_line' id='line_1_3' title="bbox 102 399 506 458; baseline -0.005 0"><span class='ocrx_word' id='word_1_14' title='bbox 102 404 159 458; x_wconf 92' lang='lat' dir='ltr'>tur.</span> <span class='ocrx_word' id='word_1_15' title='bbox 183 399 236 458; x_wconf 88' lang='lat' dir='ltr'>scd</span> <span class='ocrx_word' id='word_1_16' title='bbox 258 399 333 458; x_wconf 86' lang='lat' dir='ltr'>haec</span> <span class='ocrx_word' id='word_1_17' title='bbox 354 400 506 458; x_wconf 84' lang='lat' dir='ltr'>hactenus.</span> 
     </span>
     <span class='ocr_line' id='line_1_4' title="bbox 169 487 1169 565; baseline -0.006 -18"><span class='ocrx_word' id='word_1_18' title='bbox 169 489 269 562; x_wconf 86' lang='lat' dir='ltr'>Nunc,</span> <span class='ocrx_word' id='word_1_19' title='bbox 293 507 369 564; x_wconf 90' lang='lat' dir='ltr'>quaa</span> <span class='ocrx_word' id='word_1_20' title='bbox 387 490 429 547; x_wconf 86' lang='lat' dir='ltr'>sit</span> <span class='ocrx_word' id='word_1_21' title='bbox 446 488 589 546; x_wconf 90' lang='lat' dir='ltr'>narrandi</span> <span class='ocrx_word' id='word_1_22' title='bbox 606 491 695 562; x_wconf 87' lang='lat' dir='ltr'>ratio,</span> <span class='ocrx_word' id='word_1_23' title='bbox 713 487 899 565; x_wconf 86' lang='lat' dir='ltr'>subiungam.</span> <span class='ocrx_word' id='word_1_24' title='bbox 922 489 1056 547; x_wconf 86' lang='lat' dir='ltr'>narratio</span> <span class='ocrx_word' id='word_1_25' title='bbox 1070 491 1117 547; x_wconf 89' lang='lat' dir='ltr'>est</span> <span class='ocrx_word' id='word_1_26' title='bbox 1130 488 1169 542; x_wconf 77' lang='lat'>31</span> 
     </span>
    </p>

    <p class='ocr_par' dir='ltr' id='par_1_3' title="bbox 78 576 1119 1098">
     <span class='ocr_line' id='line_1_5' title="bbox 102 576 1117 652; baseline 0.002 -18"><span class='ocrx_word' id='word_1_27' title='bbox 102 580 146 636; x_wconf 91' lang='lat' dir='ltr'>rei</span> <span class='ocrx_word' id='word_1_28' title='bbox 169 577 268 636; x_wconf 86' lang='lat' dir='ltr'>factae</span> <span class='ocrx_word' id='word_1_29' title='bbox 293 581 347 636; x_wconf 89' lang='lat' dir='ltr'>aut</span> <span class='ocrx_word' id='word_1_30' title='bbox 368 580 404 636; x_wconf 91' lang='lat' dir='ltr'>ut</span> <span class='ocrx_word' id='word_1_31' title='bbox 426 579 525 636; x_wconf 84' lang='lat' dir='ltr'>factae</span> <span class='ocrx_word' id='word_1_32' title='bbox 548 578 633 636; x_wconf 86' lang='lat' dir='ltr'>utilis</span> <span class='ocrx_word' id='word_1_33' title='bbox 647 577 686 635; x_wconf 94' lang='lat' dir='ltr'>ad</span> <span class='ocrx_word' id='word_1_34' title='bbox 704 576 944 652; x_wconf 89' lang='lat' dir='ltr'>persuadendum</span> <span class='ocrx_word' id='word_1_35' title='bbox 962 578 1117 652; x_wconf 80' lang='lat' dir='ltr'>expositio,</span> 
     </span>
     <span class='ocr_line' id='line_1_6' title="bbox 78 666 1119 742; baseline -0.002 -16"><span class='ocrx_word' id='word_1_36' title='bbox 78 668 159 742; x_wconf 72' lang='lat' dir='ltr'>trel,</span> <span class='ocrx_word' id='word_1_37' title='bbox 182 670 219 724; x_wconf 89' lang='lat' dir='ltr'>ut</span> <span class='ocrx_word' id='word_1_38' title='bbox 242 667 443 742; x_wconf 84' lang='lat' dir='ltr'>Apollodorus</span> <span class='ocrx_word' id='word_1_39' title='bbox 466 666 547 740; x_wconf 89' lang='lat' dir='ltr'>finit,</span> <span class='ocrx_word' id='word_1_40' title='bbox 579 667 676 725; x_wconf 91' lang='lat' dir='ltr'>oratio</span> <span class='ocrx_word' id='word_1_41' title='bbox 699 666 807 724; x_wconf 91' lang='lat' dir='ltr'>docens</span> <span class='ocrx_word' id='word_1_42' title='bbox 836 666 1012 739; x_wconf 74' lang='lat' dir='ltr'>auditorem,</span> <span class='ocrx_word' id='word_1_43' title='bbox 1045 666 1119 741; x_wconf 92' lang='lat' dir='ltr'>quid</span> 
     </span>
     <span class='ocr_line' id='line_1_7' title="bbox 103 755 1118 831; baseline 0 -19"><span class='ocrx_word' id='word_1_44' title='bbox 103 756 133 812; x_wconf 91' lang='lat' dir='ltr'>in</span> <span class='ocrx_word' id='word_1_45' title='bbox 163 756 368 814; x_wconf 86' lang='lat' dir='ltr'>controversia</span> <span class='ocrx_word' id='word_1_46' title='bbox 397 758 444 814; x_wconf 85' lang='lat' dir='ltr'>sit</span> <span class='ocrx_word' id='word_1_47' title='bbox 477 774 544 813; x_wconf 87' lang='lat' dir='ltr'>eam</span> <span class='ocrx_word' id='word_1_48' title='bbox 572 755 709 830; x_wconf 85' lang='lat' dir='ltr'>plerique</span> <span class='ocrx_word' id='word_1_49' title='bbox 740 756 899 831; x_wconf 81' lang='lat' dir='ltr'>scriptores</span> <span class='ocrx_word' id='word_1_50' title='bbox 932 756 1118 830; x_wconf 88' lang='lat' dir='ltr'>maximeque</span> 
     </span>
     <span class='ocr_line' id='line_1_8' title="bbox 103 843 1118 920; baseline 0 -18"><span class='ocrx_word' id='word_1_51' title='bbox 103 847 156 920; x_wconf 92' lang='lat' dir='ltr'>qui</span> <span class='ocrx_word' id='word_1_52' title='bbox 187 843 259 903; x_wconf 87' lang='lat' dir='ltr'>sunt</span> <span class='ocrx_word' id='word_1_53' title='bbox 291 844 329 902; x_wconf 86' lang='lat' dir='ltr'>ab</span> <span class='ocrx_word' id='word_1_54' title='bbox 360 845 492 903; x_wconf 86' lang='lat' dir='ltr'>Isocrate</span> <span class='ocrx_word' id='word_1_55' title='bbox 524 845 631 903; x_wconf 86' lang='lat' dir='ltr'>volunt</span> <span class='ocrx_word' id='word_1_56' title='bbox 663 862 725 902; x_wconf 87' lang='lat' dir='ltr'>csse</span> <span class='ocrx_word' id='word_1_57' title='bbox 757 843 931 917; x_wconf 87' lang='lat' dir='ltr'>lucidam,</span> <span class='ocrx_word' id='word_1_58' title='bbox 963 843 1118 917; x_wconf 83' lang='lat' dir='ltr'>brevem,</span> 
     </span>
     <span class='ocr_line' id='line_1_9' title="bbox 103 932 1118 1009; baseline -0.001 -17"><span class='ocrx_word' id='word_1_59' title='bbox 103 934 178 992; x_wconf 86' lang='lat' dir='ltr'>veri</span> <span class='ocrx_word' id='word_1_60' title='bbox 202 933 366 992; x_wconf 90' lang='lat' dir='ltr'>similem.</span> <span class='ocrx_word' id='word_1_61' title='bbox 390 951 487 1009; x_wconf 87' lang='lat' dir='ltr'>neque</span> <span class='ocrx_word' id='word_1_62' title='bbox 510 935 590 991; x_wconf 90' lang='lat' dir='ltr'>enim</span> <span class='ocrx_word' id='word_1_63' title='bbox 612 934 714 1007; x_wconf 81' lang='lat' dir='ltr'>refert,</span> <span class='ocrx_word' id='word_1_64' title='bbox 741 952 781 990; x_wconf 91' lang='lat' dir='ltr'>an</span> <span class='ocrx_word' id='word_1_65' title='bbox 803 952 859 1008; x_wconf 91' lang='lat' dir='ltr'>pro</span> <span class='ocrx_word' id='word_1_66' title='bbox 881 932 982 991; x_wconf 88' lang='lat' dir='ltr'>lucida</span> <span class='ocrx_word' id='word_1_67' title='bbox 1004 934 1118 1009; x_wconf 92' lang='lat' dir='ltr'>perspi·</span> 
     </span>
     <span class='ocr_line' id='line_1_10' title="bbox 104 1021 1117 1098; baseline -0.001 -18"><span class='ocrx_word' id='word_1_68' title='bbox 104 1041 197 1097; x_wconf 87' lang='lat' dir='ltr'>cuam,</span> <span class='ocrx_word' id='word_1_69' title='bbox 229 1023 372 1098; x_wconf 86' lang='lat' dir='ltr'>proveri</span> <span class='ocrx_word' id='word_1_70' title='bbox 404 1023 496 1080; x_wconf 84' lang='lat' dir='ltr'>simili</span> <span class='ocrx_word' id='word_1_71' title='bbox 525 1022 712 1097; x_wconf 80' lang='lat' dir='ltr'>probabilem</span> <span class='ocrx_word' id='word_1_72' title='bbox 739 1021 946 1081; x_wconf 84' lang='lat' dir='ltr'>credibilemve</span> <span class='ocrx_word' id='word_1_73' title='bbox 975 1022 1117 1080; x_wconf 87' lang='lat' dir='ltr'>dieamus.</span> 
     </span>
    </p>

    <p class='ocr_par' dir='ltr' id='par_1_4' title="bbox 69 1109 1172 1543">
     <span class='ocr_line' id='line_1_11' title="bbox 69 1109 1172 1186; baseline -0.006 -15"><span class='ocrx_word' id='word_1_74' title='bbox 69 1132 92 1171; x_wconf 85' lang='lat' dir='ltr'>re</span> <span class='ocrx_word' id='word_1_75' title='bbox 104 1112 206 1170; x_wconf 89' lang='lat' dir='ltr'>eadem</span> <span class='ocrx_word' id='word_1_76' title='bbox 228 1110 315 1170; x_wconf 86' lang='lat' dir='ltr'>nobis</span> <span class='ocrx_word' id='word_1_77' title='bbox 337 1112 437 1186; x_wconf 86' lang='lat' dir='ltr'>placet</span> <span class='ocrx_word' id='word_1_78' title='bbox 468 1111 586 1185; x_wconf 70' lang='lat' dir='ltr'>dirimo,</span> <span class='ocrx_word' id='word_1_79' title='bbox 615 1129 799 1186; x_wconf 89' lang='lat' dir='ltr'>quamquam</span> <span class='ocrx_word' id='word_1_80' title='bbox 822 1115 853 1168; x_wconf 89' lang='lat' dir='ltr'>et</span> <span class='ocrx_word' id='word_1_81' title='bbox 875 1111 1052 1170; x_wconf 88' lang='lat' dir='ltr'>Aristoteles</span> <span class='ocrx_word' id='word_1_82' title='bbox 1081 1111 1118 1170; x_wconf 88' lang='lat' dir='ltr'>ab</span> <span class='ocrx_word' id='word_1_83' title='bbox 1132 1109 1172 1165; x_wconf 78' lang='lat'>82</span> 
     </span>
     <span class='ocr_line' id='line_1_12' title="bbox 102 1199 1118 1276; baseline -0.001 -17"><span class='ocrx_word' id='word_1_84' title='bbox 102 1199 233 1259; x_wconf 86' lang='lat' dir='ltr'>Isocrate</span> <span class='ocrx_word' id='word_1_85' title='bbox 259 1204 347 1276; x_wconf 87' lang='lat' dir='ltr'>parte</span> <span class='ocrx_word' id='word_1_86' title='bbox 373 1202 406 1258; x_wconf 93' lang='lat' dir='ltr'>in</span> <span class='ocrx_word' id='word_1_87' title='bbox 433 1219 494 1259; x_wconf 89' lang='lat' dir='ltr'>una</span> <span class='ocrx_word' id='word_1_88' title='bbox 523 1199 705 1272; x_wconf 85' lang='lat' dir='ltr'>dissenserit,</span> <span class='ocrx_word' id='word_1_89' title='bbox 736 1202 930 1275; x_wconf 87' lang='lat' dir='ltr'>praeceptum</span> <span class='ocrx_word' id='word_1_90' title='bbox 960 1199 1118 1258; x_wconf 81' lang='lat' dir='ltr'>brevitatis</span> 
     </span>
     <span class='ocr_line' id='line_1_13' title="bbox 103 1289 1119 1366; baseline -0.001 -18"><span class='ocrx_word' id='word_1_91' title='bbox 103 1289 243 1364; x_wconf 86' lang='lat' dir='ltr'>inridens,</span> <span class='ocrx_word' id='word_1_92' title='bbox 272 1294 428 1364; x_wconf 89' lang='lat' dir='ltr'>tamquam</span> <span class='ocrx_word' id='word_1_93' title='bbox 452 1308 570 1348; x_wconf 86' lang='lat' dir='ltr'>necesse</span> <span class='ocrx_word' id='word_1_94' title='bbox 598 1289 639 1348; x_wconf 88' lang='lat' dir='ltr'>sit</span> <span class='ocrx_word' id='word_1_95' title='bbox 668 1290 789 1366; x_wconf 85' lang='lat' dir='ltr'>longam</span> <span class='ocrx_word' id='word_1_96' title='bbox 822 1308 884 1348; x_wconf 87' lang='lat' dir='ltr'>esse</span> <span class='ocrx_word' id='word_1_97' title='bbox 917 1291 970 1347; x_wconf 93' lang='lat' dir='ltr'>aut</span> <span class='ocrx_word' id='word_1_98' title='bbox 998 1289 1119 1347; x_wconf 88' lang='lat' dir='ltr'>brevem</span> 
     </span>
     <span class='ocr_line' id='line_1_14' title="bbox 104 1377 1118 1455; baseline 0 -19"><span class='ocrx_word' id='word_1_99' title='bbox 104 1379 318 1455; x_wconf 84' lang='lat' dir='ltr'>expositionem</span> <span class='ocrx_word' id='word_1_100' title='bbox 340 1397 395 1436; x_wconf 92' lang='lat' dir='ltr'>nec</span> <span class='ocrx_word' id='word_1_101' title='bbox 417 1379 509 1438; x_wconf 86' lang='lat' dir='ltr'>liceat</span> <span class='ocrx_word' id='word_1_102' title='bbox 529 1380 574 1436; x_wconf 87' lang='lat' dir='ltr'>ire</span> <span class='ocrx_word' id='word_1_103' title='bbox 587 1398 642 1454; x_wconf 88' lang='lat' dir='ltr'>per</span> <span class='ocrx_word' id='word_1_104' title='bbox 655 1378 796 1451; x_wconf 88' lang='lat' dir='ltr'>medium,</span> <span class='ocrx_word' id='word_1_105' title='bbox 820 1377 985 1436; x_wconf 87' lang='lat' dir='ltr'>Theodorei</span> <span class='ocrx_word' id='word_1_106' title='bbox 1000 1396 1118 1452; x_wconf 90' lang='lat' dir='ltr'>qnoque</span> 
     </span>
     <span class='ocr_line' id='line_1_15' title="bbox 105 1466 1118 1543; baseline -0.001 -18"><span class='ocrx_word' id='word_1_107' title='bbox 105 1469 197 1527; x_wconf 90' lang='lat' dir='ltr'>solam</span> <span class='ocrx_word' id='word_1_108' title='bbox 219 1467 393 1543; x_wconf 81' lang='lat' dir='ltr'>relinquant</span> <span class='ocrx_word' id='word_1_109' title='bbox 415 1468 556 1526; x_wconf 83' lang='lat' dir='ltr'>nltimam</span> <span class='ocrx_word' id='word_1_110' title='bbox 577 1470 705 1543; x_wconf 82' lang='lat' dir='ltr'>partem,</span> <span class='ocrx_word' id='word_1_111' title='bbox 737 1467 808 1542; x_wconf 89' lang='lat' dir='ltr'>quia</span> <span class='ocrx_word' id='word_1_112' title='bbox 831 1485 885 1524; x_wconf 92' lang='lat' dir='ltr'>nec</span> <span class='ocrx_word' id='word_1_113' title='bbox 906 1466 1038 1526; x_wconf 85' lang='lat' dir='ltr'>breviter</span> <span class='ocrx_word' id='word_1_114' title='bbox 1060 1467 1118 1524; x_wconf 91' lang='lat' dir='ltr'>uti-</span> 
     </span>
    </p>

    <p class='ocr_par' dir='ltr' id='par_1_5' title="bbox 75 1553 1172 1794">
     <span class='ocr_line' id='line_1_16' title="bbox 75 1553 1172 1633; baseline 0 -19"><span class='ocrx_word' id='word_1_115' title='bbox 75 1575 95 1614; x_wconf 82' lang='lat' dir='ltr'>n</span> <span class='ocrx_word' id='word_1_116' title='bbox 107 1575 159 1632; x_wconf 88' lang='lat' dir='ltr'>que</span> <span class='ocrx_word' id='word_1_117' title='bbox 183 1576 239 1616; x_wconf 89' lang='lat' dir='ltr'>nec</span> <span class='ocrx_word' id='word_1_118' title='bbox 261 1555 391 1616; x_wconf 90' lang='lat' dir='ltr'>dilucide</span> <span class='ocrx_word' id='word_1_119' title='bbox 413 1575 531 1631; x_wconf 90' lang='lat' dir='ltr'>semper</span> <span class='ocrx_word' id='word_1_120' title='bbox 549 1558 590 1614; x_wconf 88' lang='lat' dir='ltr'>sit</span> <span class='ocrx_word' id='word_1_121' title='bbox 602 1558 677 1615; x_wconf 89' lang='lat' dir='ltr'>utile</span> <span class='ocrx_word' id='word_1_122' title='bbox 691 1575 844 1631; x_wconf 82' lang='lat' dir='ltr'>exponere.</span> <span class='ocrx_word' id='word_1_123' title='bbox 869 1574 928 1631; x_wconf 94' lang='lat' dir='ltr'>quo</span> <span class='ocrx_word' id='word_1_124' title='bbox 943 1555 1118 1633; x_wconf 84' lang='lat' dir='ltr'>diligentius</span> <span class='ocrx_word' id='word_1_125' title='bbox 1133 1553 1172 1608; x_wconf 74' lang='lat'>33</span> 
     </span>
     <span class='ocr_line' id='line_1_17' title="bbox 106 1645 1120 1724; baseline -0.001 -20"><span class='ocrx_word' id='word_1_126' title='bbox 106 1645 314 1724; x_wconf 84' lang='lat' dir='ltr'>distinguenda</span> <span class='ocrx_word' id='word_1_127' title='bbox 342 1649 415 1705; x_wconf 88' lang='lat' dir='ltr'>suut</span> <span class='ocrx_word' id='word_1_128' title='bbox 446 1645 573 1723; x_wconf 83' lang='lat' dir='ltr'>singula,</span> <span class='ocrx_word' id='word_1_129' title='bbox 606 1647 641 1703; x_wconf 87' lang='lat' dir='ltr'>ut</span> <span class='ocrx_word' id='word_1_130' title='bbox 673 1645 746 1721; x_wconf 92' lang='lat' dir='ltr'>quid</span> <span class='ocrx_word' id='word_1_131' title='bbox 775 1663 894 1720; x_wconf 90' lang='lat' dir='ltr'>quoque</span> <span class='ocrx_word' id='word_1_132' title='bbox 926 1646 990 1703; x_wconf 93' lang='lat' dir='ltr'>loco</span> <span class='ocrx_word' id='word_1_133' title='bbox 1023 1645 1120 1720; x_wconf 90' lang='lat' dir='ltr'>prosit</span> 
     </span>
     <span class='ocr_line' id='line_1_18' title="bbox 106 1735 266 1794; baseline -0.006 0"><span class='ocrx_word' id='word_1_134' title='bbox 106 1735 266 1794; x_wconf 82' lang='lat' dir='ltr'>ostendam.</span> 
     </span>
    </p>

    <p class='ocr_par' dir='ltr' id='par_1_6' title="bbox 76 1822 1172 2434">
     <span class='ocr_line' id='line_1_19' title="bbox 165 1822 1119 1899; baseline -0.003 -16"><span class='ocrx_word' id='word_1_135' title='bbox 165 1825 311 1883; x_wconf 81' lang='lat' dir='ltr'>Narratio</span> <span class='ocrx_word' id='word_1_136' title='bbox 334 1828 380 1882; x_wconf 92' lang='lat' dir='ltr'>est</span> <span class='ocrx_word' id='word_1_137' title='bbox 402 1826 455 1882; x_wconf 88' lang='lat' dir='ltr'>aut</span> <span class='ocrx_word' id='word_1_138' title='bbox 477 1827 544 1883; x_wconf 89' lang='lat' dir='ltr'>tota</span> <span class='ocrx_word' id='word_1_139' title='bbox 566 1842 621 1899; x_wconf 93' lang='lat' dir='ltr'>pro</span> <span class='ocrx_word' id='word_1_140' title='bbox 644 1822 729 1881; x_wconf 88' lang='lat' dir='ltr'>nobis</span> <span class='ocrx_word' id='word_1_141' title='bbox 758 1825 812 1880; x_wconf 90' lang='lat' dir='ltr'>aut</span> <span class='ocrx_word' id='word_1_142' title='bbox 839 1826 905 1881; x_wconf 87' lang='lat' dir='ltr'>tota</span> <span class='ocrx_word' id='word_1_143' title='bbox 931 1842 986 1898; x_wconf 91' lang='lat' dir='ltr'>pro</span> <span class='ocrx_word' id='word_1_144' title='bbox 1015 1823 1119 1882; x_wconf 85' lang='lat' dir='ltr'>adver·</span> 
     </span>
     <span class='ocr_line' id='line_1_20' title="bbox 106 1911 1118 1988; baseline -0.004 -16"><span class='ocrx_word' id='word_1_145' title='bbox 106 1913 188 1972; x_wconf 74' lang='lat' dir='ltr'>uariis</span> <span class='ocrx_word' id='word_1_146' title='bbox 212 1917 267 1971; x_wconf 88' lang='lat' dir='ltr'>aut</span> <span class='ocrx_word' id='word_1_147' title='bbox 287 1913 383 1972; x_wconf 88' lang='lat' dir='ltr'>mixta</span> <span class='ocrx_word' id='word_1_148' title='bbox 406 1933 442 1971; x_wconf 86' lang='lat' dir='ltr'>ex</span> <span class='ocrx_word' id='word_1_149' title='bbox 463 1915 610 1988; x_wconf 90' lang='lat' dir='ltr'>utrisque.</span> <span class='ocrx_word' id='word_1_150' title='bbox 634 1914 660 1971; x_wconf 89' lang='lat' dir='ltr'>si</span> <span class='ocrx_word' id='word_1_151' title='bbox 683 1912 740 1970; x_wconf 86' lang='lat' dir='ltr'>erit</span> <span class='ocrx_word' id='word_1_152' title='bbox 761 1914 827 1970; x_wconf 88' lang='lat' dir='ltr'>tota</span> <span class='ocrx_word' id='word_1_153' title='bbox 849 1930 904 1987; x_wconf 89' lang='lat' dir='ltr'>pro</span> <span class='ocrx_word' id='word_1_154' title='bbox 927 1911 1022 1986; x_wconf 90' lang='lat' dir='ltr'>uobis,</span> <span class='ocrx_word' id='word_1_155' title='bbox 1050 1931 1118 1970; x_wconf 89' lang='lat' dir='ltr'>con·</span> 
     </span>
     <span class='ocr_line' id='line_1_21' title="bbox 76 1999 1118 2076; baseline -0.001 -17"><span class='ocrx_word' id='word_1_156' title='bbox 76 2003 177 2061; x_wconf 84' lang='lat' dir='ltr'>utenti</span> <span class='ocrx_word' id='word_1_157' title='bbox 201 2020 303 2060; x_wconf 89' lang='lat' dir='ltr'>snmus</span> <span class='ocrx_word' id='word_1_158' title='bbox 330 2003 377 2061; x_wconf 84' lang='lat' dir='ltr'>his</span> <span class='ocrx_word' id='word_1_159' title='bbox 404 2001 501 2061; x_wconf 80' lang='lat' dir='ltr'>tribus</span> <span class='ocrx_word' id='word_1_160' title='bbox 528 2001 674 2076; x_wconf 82' lang='lat' dir='ltr'>partibus,</span> <span class='ocrx_word' id='word_1_161' title='bbox 704 2020 757 2076; x_wconf 91' lang='lat' dir='ltr'>per</span> <span class='ocrx_word' id='word_1_162' title='bbox 787 2020 861 2075; x_wconf 90' lang='lat' dir='ltr'>quas</span> <span class='ocrx_word' id='word_1_163' title='bbox 894 1999 1030 2073; x_wconf 90' lang='lat' dir='ltr'>efficitur,</span> <span class='ocrx_word' id='word_1_164' title='bbox 1059 2019 1118 2075; x_wconf 91' lang='lat' dir='ltr'>quo</span> 
     </span>
     <span class='ocr_line' id='line_1_22' title="bbox 104 2086 1172 2169; baseline -0.007 -21"><span class='ocrx_word' id='word_1_165' title='bbox 104 2090 220 2151; x_wconf 86' lang='lat' dir='ltr'>facilius</span> <span class='ocrx_word' id='word_1_166' title='bbox 244 2091 332 2150; x_wconf 86' lang='lat' dir='ltr'>iudex</span> <span class='ocrx_word' id='word_1_167' title='bbox 353 2092 520 2169; x_wconf 85' lang='lat' dir='ltr'>intellegat,</span> <span class='ocrx_word' id='word_1_168' title='bbox 542 2093 721 2163; x_wconf 89' lang='lat' dir='ltr'>meminerit,</span> <span class='ocrx_word' id='word_1_169' title='bbox 749 2089 858 2148; x_wconf 86' lang='lat' dir='ltr'>credat.</span> <span class='ocrx_word' id='word_1_170' title='bbox 882 2108 936 2147; x_wconf 92' lang='lat' dir='ltr'>nec</span> <span class='ocrx_word' id='word_1_171' title='bbox 959 2089 1118 2165; x_wconf 91' lang='lat' dir='ltr'>quisquam</span> <span class='ocrx_word' id='word_1_172' title='bbox 1132 2086 1172 2142; x_wconf 71' lang='lat'>84</span> 
     </span>
     <span class='ocr_line' id='line_1_23' title="bbox 103 2178 1117 2258; baseline -0.002 -21"><span class='ocrx_word' id='word_1_173' title='bbox 103 2181 291 2256; x_wconf 85' lang='lat' dir='ltr'>reprensione</span> <span class='ocrx_word' id='word_1_174' title='bbox 314 2180 439 2258; x_wconf 85' lang='lat' dir='ltr'>dignum</span> <span class='ocrx_word' id='word_1_175' title='bbox 461 2183 558 2255; x_wconf 88' lang='lat' dir='ltr'>putet,</span> <span class='ocrx_word' id='word_1_176' title='bbox 588 2179 668 2256; x_wconf 92' lang='lat' dir='ltr'>quod</span> <span class='ocrx_word' id='word_1_177' title='bbox 696 2178 904 2254; x_wconf 87' lang='lat' dir='ltr'>proposuerim</span> <span class='ocrx_word' id='word_1_178' title='bbox 934 2197 1008 2251; x_wconf 88' lang='lat' dir='ltr'>earn,</span> <span class='ocrx_word' id='word_1_179' title='bbox 1040 2196 1117 2254; x_wconf 89' lang='lat' dir='ltr'>quae</span> 
     </span>
     <span class='ocr_line' id='line_1_24' title="bbox 102 2268 1117 2345; baseline -0.001 -18"><span class='ocrx_word' id='word_1_180' title='bbox 102 2272 141 2328; x_wconf 88' lang='lat' dir='ltr'>sit</span> <span class='ocrx_word' id='word_1_181' title='bbox 162 2272 230 2328; x_wconf 87' lang='lat' dir='ltr'>tota</span> <span class='ocrx_word' id='word_1_182' title='bbox 252 2289 307 2345; x_wconf 89' lang='lat' dir='ltr'>pro</span> <span class='ocrx_word' id='word_1_183' title='bbox 329 2269 424 2344; x_wconf 91' lang='lat' dir='ltr'>nobis,</span> <span class='ocrx_word' id='word_1_184' title='bbox 442 2268 548 2328; x_wconf 90' lang='lat' dir='ltr'>debere</span> <span class='ocrx_word' id='word_1_185' title='bbox 567 2287 631 2327; x_wconf 85' lang='lat' dir='ltr'>ease</span> <span class='ocrx_word' id='word_1_186' title='bbox 654 2271 719 2327; x_wconf 85' lang='lat' dir='ltr'>veri</span> <span class='ocrx_word' id='word_1_187' title='bbox 736 2269 874 2341; x_wconf 87' lang='lat' dir='ltr'>similem,</span> <span class='ocrx_word' id='word_1_188' title='bbox 897 2286 965 2325; x_wconf 90' lang='lat' dir='ltr'>cum</span> <span class='ocrx_word' id='word_1_189' title='bbox 984 2286 1055 2325; x_wconf 88' lang='lat' dir='ltr'>vera</span> <span class='ocrx_word' id='word_1_190' title='bbox 1069 2270 1117 2326; x_wconf 92' lang='lat' dir='ltr'>sit.</span> 
     </span>
     <span class='ocr_line' id='line_1_25' title="bbox 102 2356 1117 2434; baseline -0.003 -17"><span class='ocrx_word' id='word_1_191' title='bbox 102 2363 173 2417; x_wconf 88' lang='lat' dir='ltr'>snut</span> <span class='ocrx_word' id='word_1_192' title='bbox 202 2359 283 2416; x_wconf 89' lang='lat' dir='ltr'>euim</span> <span class='ocrx_word' id='word_1_193' title='bbox 314 2359 445 2434; x_wconf 90' lang='lat' dir='ltr'>plurima</span> <span class='ocrx_word' id='word_1_194' title='bbox 476 2378 549 2418; x_wconf 83' lang='lat' dir='ltr'>vera</span> <span class='ocrx_word' id='word_1_195' title='bbox 578 2358 707 2433; x_wconf 89' lang='lat' dir='ltr'>quidem,</span> <span class='ocrx_word' id='word_1_196' title='bbox 737 2356 789 2415; x_wconf 89' lang='lat' dir='ltr'>sed</span> <span class='ocrx_word' id='word_1_197' title='bbox 817 2375 925 2432; x_wconf 88' lang='lat' dir='ltr'>parum</span> <span class='ocrx_word' id='word_1_198' title='bbox 954 2356 1117 2431; x_wconf 89' lang='lat' dir='ltr'>credibilia,</span> 
     </span>
    </p>

    <p class='ocr_par' dir='ltr' id='par_1_7' title="bbox 66 2446 1171 2880">
     <span class='ocr_line' id='line_1_26' title="bbox 66 2446 1118 2524; baseline -0.001 -19"><span class='ocrx_word' id='word_1_199' title='bbox 66 2457 88 2499; x_wconf 76' lang='lat'>2⁵</span> <span class='ocrx_word' id='word_1_200' title='bbox 102 2449 180 2507; x_wconf 90' lang='lat' dir='ltr'>sicut</span> <span class='ocrx_word' id='word_1_201' title='bbox 202 2448 280 2506; x_wconf 87' lang='lat' dir='ltr'>falsa</span> <span class='ocrx_word' id='word_1_202' title='bbox 303 2466 421 2524; x_wconf 89' lang='lat' dir='ltr'>quoque</span> <span class='ocrx_word' id='word_1_203' title='bbox 444 2448 618 2522; x_wconf 83' lang='lat' dir='ltr'>frequenter</span> <span class='ocrx_word' id='word_1_204' title='bbox 640 2448 704 2506; x_wconf 84' lang='lat' dir='ltr'>veri</span> <span class='ocrx_word' id='word_1_205' title='bbox 727 2446 845 2505; x_wconf 83' lang='lat' dir='ltr'>similia</span> <span class='ocrx_word' id='word_1_206' title='bbox 870 2463 961 2520; x_wconf 86' lang='lat' dir='ltr'>quare</span> <span class='ocrx_word' id='word_1_207' title='bbox 983 2464 1044 2504; x_wconf 92' lang='lat' dir='ltr'>non</span> <span class='ocrx_word' id='word_1_208' title='bbox 1063 2447 1118 2504; x_wconf 91' lang='lat' dir='ltr'>mi·</span> 
     </span>
     <span class='ocr_line' id='line_1_27' title="bbox 101 2535 1117 2612; baseline 0 -18"><span class='ocrx_word' id='word_1_209' title='bbox 101 2555 157 2596; x_wconf 88' lang='lat' dir='ltr'>nus</span> <span class='ocrx_word' id='word_1_210' title='bbox 180 2535 378 2596; x_wconf 86' lang='lat' dir='ltr'>laborandum</span> <span class='ocrx_word' id='word_1_211' title='bbox 401 2539 454 2611; x_wconf 86' lang='lat' dir='ltr'>est,</span> <span class='ocrx_word' id='word_1_212' title='bbox 482 2541 516 2595; x_wconf 86' lang='lat' dir='ltr'>ut</span> <span class='ocrx_word' id='word_1_213' title='bbox 542 2537 631 2595; x_wconf 86' lang='lat' dir='ltr'>iudex</span> <span class='ocrx_word' id='word_1_214' title='bbox 659 2555 735 2612; x_wconf 89' lang='lat' dir='ltr'>quae</span> <span class='ocrx_word' id='word_1_215' title='bbox 764 2554 832 2595; x_wconf 85' lang='lat' dir='ltr'>rere</span> <span class='ocrx_word' id='word_1_216' title='bbox 865 2536 992 2593; x_wconf 84' lang='lat' dir='ltr'>dicimus</span> <span class='ocrx_word' id='word_1_217' title='bbox 1026 2554 1117 2610; x_wconf 89' lang='lat' dir='ltr'>quam</span> 
     </span>
     <span class='ocr_line' id='line_1_28' title="bbox 102 2624 1171 2702; baseline -0.003 -18"><span class='ocrx_word' id='word_1_218' title='bbox 102 2644 178 2701; x_wconf 90' lang='lat' dir='ltr'>qnae</span> <span class='ocrx_word' id='word_1_219' title='bbox 192 2624 333 2702; x_wconf 84' lang='lat' dir='ltr'>fingimus</span> <span class='ocrx_word' id='word_1_220' title='bbox 351 2625 461 2685; x_wconf 87' lang='lat' dir='ltr'>credat.</span> <span class='ocrx_word' id='word_1_221' title='bbox 485 2624 556 2684; x_wconf 87' lang='lat' dir='ltr'>sunt</span> <span class='ocrx_word' id='word_1_222' title='bbox 574 2627 694 2702; x_wconf 89' lang='lat' dir='ltr'>quidem</span> <span class='ocrx_word' id='word_1_223' title='bbox 712 2627 777 2702; x_wconf 90' lang='lat' dir='ltr'>hae,</span> <span class='ocrx_word' id='word_1_224' title='bbox 800 2643 876 2701; x_wconf 90' lang='lat' dir='ltr'>quas</span> <span class='ocrx_word' id='word_1_225' title='bbox 894 2642 986 2699; x_wconf 89' lang='lat' dir='ltr'>supra</span> <span class='ocrx_word' id='word_1_226' title='bbox 1004 2624 1117 2696; x_wconf 88' lang='lat' dir='ltr'>rettuli,</span> <span class='ocrx_word' id='word_1_227' title='bbox 1131 2626 1171 2682; x_wconf 75' lang='lat'>85</span> 
     </span>
     <span class='ocr_line' id='line_1_29' title="bbox 101 2716 1117 2791; baseline -0.001 -17"><span class='ocrx_word' id='word_1_228' title='bbox 101 2716 228 2774; x_wconf 81' lang='lat' dir='ltr'>virtutes</span> <span class='ocrx_word' id='word_1_229' title='bbox 252 2716 379 2774; x_wconf 88' lang='lat' dir='ltr'>aliarum</span> <span class='ocrx_word' id='word_1_230' title='bbox 404 2735 522 2791; x_wconf 92' lang='lat' dir='ltr'>quoque</span> <span class='ocrx_word' id='word_1_231' title='bbox 545 2716 691 2791; x_wconf 82' lang='lat' dir='ltr'>partium3</span> <span class='ocrx_word' id='word_1_232' title='bbox 714 2736 785 2774; x_wconf 88' lang='lat' dir='ltr'>nam</span> <span class='ocrx_word' id='word_1_233' title='bbox 804 2719 835 2773; x_wconf 88' lang='lat' dir='ltr'>et</span> <span class='ocrx_word' id='word_1_234' title='bbox 847 2733 901 2789; x_wconf 88' lang='lat' dir='ltr'>per</span> <span class='ocrx_word' id='word_1_235' title='bbox 914 2716 1010 2771; x_wconf 86' lang='lat' dir='ltr'>totam</span> <span class='ocrx_word' id='word_1_236' title='bbox 1024 2716 1117 2773; x_wconf 86' lang='lat' dir='ltr'>actio-</span> 
     </span>
     <span class='ocr_line' id='line_1_30' title="bbox 101 2802 1118 2880; baseline -0.002 -17"><span class='ocrx_word' id='word_1_237' title='bbox 101 2823 170 2863; x_wconf 89' lang='lat' dir='ltr'>nem</span> <span class='ocrx_word' id='word_1_238' title='bbox 191 2804 316 2863; x_wconf 85' lang='lat' dir='ltr'>vitanda</span> <span class='ocrx_word' id='word_1_239' title='bbox 339 2808 384 2863; x_wconf 83' lang='lat' dir='ltr'>est</span> <span class='ocrx_word' id='word_1_240' title='bbox 402 2804 576 2880; x_wconf 78' lang='lat' dir='ltr'>obscuritas,</span> <span class='ocrx_word' id='word_1_241' title='bbox 600 2808 630 2864; x_wconf 84' lang='lat' dir='ltr'>et</span> <span class='ocrx_word' id='word_1_242' title='bbox 648 2806 754 2864; x_wconf 88' lang='lat' dir='ltr'>modus</span> <span class='ocrx_word' id='word_1_243' title='bbox 773 2806 883 2879; x_wconf 88' lang='lat' dir='ltr'>ubique</span> <span class='ocrx_word' id='word_1_244' title='bbox 898 2802 1118 2876; x_wconf 77' lang='lat' dir='ltr'>custodiendae,</span> 
     </span>
    </p>

    <p class='ocr_par' dir='ltr' id='par_1_8' title="bbox 60 2893 1118 3059">
     <span class='ocr_line' id='line_1_31' title="bbox 60 2893 1117 2971; baseline -0.001 -19"><span class='ocrx_word' id='word_1_245' title='bbox 60 2900 88 2946; x_wconf 74' lang='lat'>⁸⁰</span> <span class='ocrx_word' id='word_1_246' title='bbox 103 2895 133 2952; x_wconf 90' lang='lat' dir='ltr'>et</span> <span class='ocrx_word' id='word_1_247' title='bbox 155 2893 310 2952; x_wconf 87' lang='lat' dir='ltr'>credibilia</span> <span class='ocrx_word' id='word_1_248' title='bbox 333 2912 396 2952; x_wconf 82' lang='lat' dir='ltr'>esse</span> <span class='ocrx_word' id='word_1_249' title='bbox 418 2898 538 2970; x_wconf 87' lang='lat' dir='ltr'>oportet</span> <span class='ocrx_word' id='word_1_250' title='bbox 567 2897 677 2969; x_wconf 88' lang='lat' dir='ltr'>omnia,</span> <span class='ocrx_word' id='word_1_251' title='bbox 709 2914 787 2971; x_wconf 88' lang='lat' dir='ltr'>quae</span> <span class='ocrx_word' id='word_1_252' title='bbox 815 2893 962 2951; x_wconf 90' lang='lat' dir='ltr'>dicuntur.</span> <span class='ocrx_word' id='word_1_253' title='bbox 990 2893 1117 2951; x_wconf 88' lang='lat' dir='ltr'>maxime</span> 
     </span>
     <span class='ocr_line' id='line_1_32' title="bbox 102 2981 1118 3059; baseline -0.002 -19"><span class='ocrx_word' id='word_1_254' title='bbox 102 2984 204 3041; x_wconf 86' lang='lat' dir='ltr'>tamen</span> <span class='ocrx_word' id='word_1_255' title='bbox 235 2982 309 3041; x_wconf 88' lang='lat' dir='ltr'>haec</span> <span class='ocrx_word' id='word_1_256' title='bbox 334 2983 367 3041; x_wconf 93' lang='lat' dir='ltr'>in</span> <span class='ocrx_word' id='word_1_257' title='bbox 399 3001 435 3042; x_wconf 88' lang='lat' dir='ltr'>ea</span> <span class='ocrx_word' id='word_1_258' title='bbox 465 2988 552 3059; x_wconf 86' lang='lat' dir='ltr'>parte</span> <span class='ocrx_word' id='word_1_259' title='bbox 584 2984 779 3043; x_wconf 86' lang='lat' dir='ltr'>custodienda</span> <span class='ocrx_word' id='word_1_260' title='bbox 800 2986 879 3058; x_wconf 88' lang='lat' dir='ltr'>sunt,</span> <span class='ocrx_word' id='word_1_261' title='bbox 912 3000 988 3057; x_wconf 89' lang='lat' dir='ltr'>quae</span> <span class='ocrx_word' id='word_1_262' title='bbox 1020 2981 1118 3056; x_wconf 91' lang='lat' dir='ltr'>prima</span> 
     </span>
    </p>
   </div>
   <div class='ocr_carea' id='block_1_3' title="bbox 175 3187 641 3256">
    <p class='ocr_par' dir='ltr' id='par_1_9' title="bbox 175 3187 641 3256">
     <span class='ocr_line' id='line_1_33' title="bbox 175 3187 641 3256; baseline 0.006 -16"><span class='ocrx_word' id='word_1_263' title='bbox 175 3187 262 3256; x_wconf 72' lang='lat' dir='ltr'>reg.</span> <span class='ocrx_word' id='word_1_264' title='bbox 281 3193 297 3241; x_wconf 84' lang='lat' dir='ltr'>e</span> <span class='ocrx_word' id='word_1_265' title='bbox 317 3187 387 3241; x_wconf 88' lang='lat' dir='ltr'>s-</span> <span class='ocrx_word' id='word_1_266' title='bbox 408 3195 441 3243; x_wconf 92' lang='lat'>10</span> <span class='ocrx_word' id='word_1_267' title='bbox 460 3189 542 3244; x_wconf 70' lang='lat' dir='ltr'>nuel,</span> <span class='ocrx_word' id='word_1_268' title='bbox 563 3195 587 3255; x_wconf 78' lang='lat' dir='ltr'>e,</span> <span class='ocrx_word' id='word_1_269' title='bbox 609 3195 641 3243; x_wconf 68' lang='grc' dir='ltr'>ιο</span> 
     </span>
    </p>
   </div>
   <div class='ocr_carea' id='block_1_4' title="bbox 103 3380 1183 3593">
    <p class='ocr_par' dir='ltr' id='par_1_10' title="bbox 103 3380 1183 3593">
     <span class='ocr_line' id='line_1_34' title="bbox 173 3380 1118 3448; baseline -0.002 -12"><span class='ocrx_word' id='word_1_270' title='bbox 173 3389 191 3436; x_wconf 88' lang='grc'>4</span> <span class='ocrx_word' id='word_1_271' title='bbox 210 3386 333 3438; x_wconf 82' lang='lat' dir='ltr'>autnon</span> <span class='ocrx_word' id='word_1_272' title='bbox 351 3385 446 3439; x_wconf 78' lang='lat' dir='ltr'>factae</span> <span class='ocrx_word' id='word_1_273' title='bbox 464 3394 492 3437; x_wconf 84' lang='lat' dir='ltr'><em>B</em></span> <span class='ocrx_word' id='word_1_274' title='bbox 569 3392 601 3440; x_wconf 78' lang='lat'>12</span> <span class='ocrx_word' id='word_1_275' title='bbox 620 3401 682 3440; x_wconf 76' lang='lat' dir='ltr'>enac</span> <span class='ocrx_word' id='word_1_276' title='bbox 701 3402 744 3440; x_wconf 86' lang='lat' dir='ltr'>cm</span> <span class='ocrx_word' id='word_1_277' title='bbox 763 3394 818 3438; x_wconf 83' lang='lat' dir='ltr'>BP</span> <span class='ocrx_word' id='word_1_278' title='bbox 900 3388 934 3436; x_wconf 82' lang='lat'>14</span> <span class='ocrx_word' id='word_1_279' title='bbox 952 3380 1118 3448; x_wconf 82' lang='lat' dir='ltr'>relinquunt</span> 
     </span>
     <span class='ocr_line' id='line_1_35' title="bbox 103 3453 1183 3593; baseline -0.006 -83"><span class='ocrx_word' id='word_1_280' title='bbox 103 3464 157 3593; x_wconf 44' lang='grc' dir='ltr'>ἐξ</span> <span class='ocrx_word' id='word_1_281' title='bbox 175 3457 348 3580; x_wconf 56' lang='grc' dir='ltr'>Ρόεηείωηε</span> <span class='ocrx_word' id='word_1_282' title='bbox 368 3460 412 3525; x_wconf 79' lang='grc' dir='ltr'>ΡΙ</span> <span class='ocrx_word' id='word_1_283' title='bbox 428 3456 473 3508; x_wconf 83' lang='lat' dir='ltr'>hie</span> <span class='ocrx_word' id='word_1_284' title='bbox 492 3473 535 3511; x_wconf 87' lang='lat' dir='ltr'>cm</span> <span class='ocrx_word' id='word_1_285' title='bbox 553 3467 608 3510; x_wconf 78' lang='grc' dir='ltr'>ΒΡ</span> <span class='ocrx_word' id='word_1_286' title='bbox 660 3462 694 3510; x_wconf 77' lang='grc'>30</span> <span class='ocrx_word' id='word_1_287' title='bbox 713 3456 836 3510; x_wconf 87' lang='lat' dir='ltr'>maxime</span> <span class='ocrx_word' id='word_1_288' title='bbox 854 3453 963 3523; x_wconf 90' lang='lat' dir='ltr'>tamen]</span> <span class='ocrx_word' id='word_1_289' title='bbox 982 3453 1117 3505; x_wconf 86' lang='lat' dir='ltr'>maxime-</span> <span class='ocrx_word' id='word_1_290' title='bbox 1178 3533 1183 3539; x_wconf 11' lang='grc' dir='ltr'>ἡ</span> 
     </span>
    </p>
   </div>
   <div class='ocr_carea' id='block_1_5' title="bbox 0 0 1234 3854">
    <p class='ocr_par' dir='ltr' id='par_1_11' title="bbox 0 0 1234 3854">
     <span class='ocr_line' id='line_1_36' title="bbox 0 0 1234 3854; baseline 0 0"><span class='ocrx_word' id='word_1_291' title='bbox 0 0 1234 3854; x_wconf 95' lang='lat' dir='ltr'> </span> 
     </span>
    </p>
   </div>
  </div>
 </body>
</html>
