2460 3854
404 138 437 192 v.
457 145 500 206 ra,
519 144 634 194 ar-aa.
664 144 706 207 13,
726 143 803 192 1-a.
1043 138 1109 203 287

98 309 272 368 siderentur.
309 309 375 366 tum
411 310 566 367 accusator
600 307 816 382 praemeditate
847 307 988 383 pleraque
1021 306 1149 368 domo&

100 398 202 471 adfert,
225 401 370 472 patronus
394 397 486 456 etiam
507 396 671 472 inopinatis
700 397 872 472 frequenter
899 399 1035 455 occurrit.
1064 416 1111 456 ac·

102 490 217 547 cusator
231 486 286 546 dat
298 489 414 559 testem,
427 489 571 562 patronus
587 504 622 543 ex
635 488 704 562 ipsa
720 481 795 563 <re>
812 485 932 544 refellit.
956 488 1113 545 aecusator

102 571 155 655 (a)
169 575 329 635 criminum
342 575 466 648 invidia,
481 577 538 634 etsi
551 574 629 633 falsa
644 577 692 647 sit,
705 576 863 633 materiam
877 574 995 633 dicendi
1007 575 1113 649 trahit,

48 684 50 753 g
84 664 132 724 ade
154 663 326 742 parricidio,
349 663 513 743 sacrilegio,
536 663 706 723 maiestate:
735 683 810 740 quae
837 666 965 741 patrono
992 666 1111 722 tantum

103 753 234 832 neganda
258 756 335 812 sunt.
358 753 484 828 ideoque
508 752 746 812 accusationibus
770 754 862 811 etiam
888 752 1050 812 mediocres
1078 754 1111 810 in

48 914 50 921 γ
102 838 220 903 dicendo
244 842 433 915 suffecerunt,
462 841 558 901 bonus
591 841 727 901 defensor
755 862 842 901 nemo
873 842 933 900 nisi
966 843 1020 916 qui
1052 842 1111 900 clo-

48 926 50 931 ’
102 927 309 1007 quentissimus
322 931 389 989 fuit.
413 950 483 990 nam
498 934 539 1004 ut,
564 931 643 1005 quod
658 933 761 1006 sentio,
781 931 872 991 semel
890 930 1002 1004 finiam,
1025 934 1113 990 tanto

101 1023 141 1080 est
163 1038 303 1080 accusare
327 1039 416 1096 quam
441 1019 606 1094 defendere,
636 1024 748 1095 quanto
771 1021 869 1079 facere
893 1039 983 1095 quam
1007 1038 1114 1078 sanare

70 1111 222 1169 1⁰vulnera
243 1109 372 1168 facilius.

161 1199 331 1257 Plurimum
360 1199 462 1257 autem
492 1198 597 1271 refert,
625 1201 655 1257 et
687 1198 759 1273 quid
785 1198 946 1274 protulerit
972 1196 1148 1256 adversa-4

98 1289 159 1347 rius
183 1292 214 1347 et
236 1307 295 1363 quo
318 1287 416 1346 modo.
438 1286 571 1362 primum
593 1288 687 1364 igitur
713 1287 892 1345 intuendum
919 1291 964 1346 est
990 1287 1036 1360 id,
1064 1287 1112 1346 cui

97 1376 268 1452 responsuri
291 1393 399 1451 sumus,
422 1378 579 1452 proprium
602 1377 642 1435 sit
665 1375 727 1434 eius
749 1375 854 1436 iudicii
877 1395 915 1434 an
934 1376 971 1434 ad
991 1394 1112 1435 oausam

99 1472 182 1526 extra
213 1466 395 1525 arcessitum.
423 1485 494 1524 nam
526 1467 552 1524 si
585 1469 630 1525 est
661 1467 824 1540 proprium,
857 1467 910 1523 aut
941 1465 1112 1542 negandum

58 1564 84 1606 15
99 1558 152 1614 aut
175 1555 391 1613 defendendum
411 1558 463 1613 aut
480 1554 731 1612 transferendum:
755 1557 838 1612 extra
855 1555 928 1612 haec
942 1556 974 1612 in
992 1554 1111 1613 iudiciis

97 1646 158 1703 fere
195 1643 272 1701 nihil
304 1647 356 1703 est.
394 1644 563 1719 deprecatio
597 1643 731 1719 quidem,
770 1661 846 1718 quae
877 1646 922 1702 est
953 1646 1016 1702 sine
1048 1643 1152 1702 ullab

98 1735 195 1809 specie
219 1733 407 1806 defensionis,
439 1751 508 1790 rara
532 1732 691 1791 admodum
719 1734 749 1791 et
776 1732 857 1807 apud
884 1751 934 1791 eos
961 1733 1039 1790 solos
1067 1733 1112 1789 iu-

97 1823 187 1896 dices,
210 1823 263 1897 qui
284 1823 369 1880 nulla
392 1825 473 1880 certa
491 1821 705 1896 pronuntiandi
724 1821 820 1879 forma
838 1823 984 1880 tenentur.
1009 1839 1114 1895 quam-

98 1931 189 1988 quam
211 1911 282 1969 illae
306 1929 424 1986 quoque
448 1911 529 1985 apud
557 1909 588 1969 G.
618 1909 774 1970 Gaesarem
801 1914 832 1968 et
856 1912 1029 1969 triumviros
1057 1929 1116 1987 pro

54 2009 84 2056 to
98 2000 282 2060 diversarum
305 2001 438 2076 partium
460 1999 630 2058 hominibus
654 2000 785 2059 actiones
808 1999 948 2058 etiamsi
974 1998 1116 2073 precibus

97 2092 233 2164 utuntur,
249 2088 392 2148 adhibent
405 2091 505 2147 tamen
523 2088 700 2163 patrocinia,
723 2089 781 2147 nisi
799 2089 855 2147 hoc
873 2107 933 2147 non
951 2087 1114 2147 fortissime

97 2177 284 2237 defendentis
303 2181 356 2254 est,
376 2177 486 2236 dicere:
511 2172 594 2254 ‘quid
613 2177 695 2236 aliud
715 2179 838 2255 egimus,
853 2177 978 2251 Tubero,
992 2178 1051 2235 nisi
1069 2180 1111 2252 ut,

98 2268 178 2344 quod
201 2267 249 2326 hie
279 2269 387 2342 potest,
414 2285 469 2325 nos
497 2261 682 2342 possemus‘l’
711 2268 790 2342 quod
822 2267 848 2325 si
878 2266 997 2341 quando
1030 2265 1152 2341 apudss

97 2358 265 2433 principem
289 2355 429 2430 aliumve,
453 2358 502 2414 oui
524 2361 625 2415 utrum
648 2356 723 2415 velit
745 2356 844 2428 liceat,
867 2355 1022 2414 dicendum
1047 2357 1113 2428 erit,

54 2460 83 2504 aa
99 2447 223 2523 dignum
247 2444 365 2521 quidem
389 2449 484 2505 morte
508 2465 585 2523 eum,
612 2465 666 2521 pro
691 2464 749 2521 quo
777 2446 946 2520 loquemur,
975 2446 1114 2503 clementi

97 2540 200 2594 tamen
228 2535 406 2594 servandum
433 2555 496 2595 esse
523 2536 572 2596 vel
596 2537 702 2594 talem:
730 2533 860 2609 primum
891 2533 1025 2592 omnium
1053 2552 1114 2592 non

97 2626 156 2684 erit
187 2643 233 2684 res
265 2623 351 2683 uobis
381 2643 449 2697 cum
482 2625 662 2699 adversario,
692 2624 743 2683 sed
773 2643 839 2682 cum
872 2623 977 2699 iudice,
1008 2623 1117 2681 deinde

97 2715 196 2772 forma
211 2712 424 2772 deliberativae
441 2713 538 2789 magis
556 2716 700 2772 materiae
714 2732 806 2788 quam
823 2712 973 2771 iudicialis
988 2714 1116 2770 utemur,

98 2801 288 2862 suadebimus
321 2805 414 2876 enim,
446 2804 480 2859 ut
512 2801 633 2860 laudem
661 2803 857 2860 humanitatis
889 2804 990 2877 potius
1022 2820 1114 2876 quam

57 2910 84 2951 ao
97 2893 285 2967 voluptatem
308 2892 433 2951 ultionis
458 2889 655 2966 concupiscat.
685 2890 766 2967 apud
789 2891 900 2949 iudices
924 2890 1044 2967 quidem
1068 2890 1152 2950 set

171 3085 205 3133 22
225 3079 280 3134 Cic.
300 3098 327 3148 p.
347 3079 408 3147 Lig.
428 3083 453 3144 4,
474 3081 507 3131 10

171 3247 187 3294 3
206 3258 237 3295 re
255 3239 318 3309 ipsa
337 3238 414 3292 P¹ao
432 3238 496 3307 ipsa
508 3236 609 3290 ABP1:
629 3254 690 3292 corr
704 3239 790 3293 Halm
862 3243 879 3290 4
898 3238 982 3292 aadd
998 3237 1099 3291 Gesner
1108 3235 1116 3308 l}

100 3313 167 3384 etsi]
186 3312 231 3366 vel
249 3322 271 3364 A
291 3311 335 3365 vel
354 3310 378 3363 si
397 3320 414 3362 o
431 3312 434 3379 Ι
451 3309 509 3363 sint
529 3308 761 3380 Guelferbytanus
833 3316 848 3363 8
868 3309 944 3379 nam]
965 3325 1049 3376 quam
1064 3319 1086 3360 Α
1109 3313 1111 3380 l

98 3387 132 3439 ut
146 3402 189 3438 om
204 3393 231 3436 B
303 3389 335 3436 11
354 3381 505 3451 protulerit
519 3389 556 3434 1³:
575 3379 712 3449 profuerit
732 3388 783 3433 AB
802 3379 980 3450 proposuerit
1001 3380 1118 3434 Meister

98 3455 227 3526 posuerit
245 3455 349 3509 Becher
447 3459 479 3506 16
498 3451 558 3506 ulla
576 3460 643 3505 BP:
662 3449 713 3504 illa
731 3460 754 3502 A
853 3456 886 3504 21
907 3452 1001 3505 tamen
1020 3459 1116 3504 APN:

99 3528 211 3582 tament
230 3535 277 3578 Bn
295 3527 392 3578 tamen
410 3542 427 3579 a
445 3532 490 3588 Β,
507 3526 605 3578 tamen
624 3524 653 3578 et
671 3523 759 3578 Halm
