2460 3854
498 128 547 184 (ν.
566 135 591 197 a,
610 133 724 183 ee-eo.
1055 130 1122 194 213

99 298 190 357 brevi
221 299 336 373 primae
373 299 588 374 propositionis
620 298 790 357 defensione
822 299 948 358 mollita.
987 302 1018 358 at
1054 318 1121 358 oum
1139 300 1175 355 75

101 388 262 463 quaeritur
293 382 344 445 ‘an
371 388 485 446 factum
515 383 566 448 sit'
600 388 649 446 vel
683 383 784 462 ‘quale
815 389 929 447 factum
958 384 1020 461 sit',
1051 389 1123 447 lieet

100 479 206 535 omnia
228 479 333 534 contra
355 494 409 534 nos
432 479 502 551 sint,
529 496 589 552 quo
611 475 700 535 modo
722 480 824 535 tamen
847 477 959 536 evitare
983 477 1122 552 expositi·

101 585 192 624 onem
219 566 304 624 salva
327 583 433 624 causae
456 566 572 624 ratione
596 563 773 640 possumus?
796 567 932 624 narravit
959 570 1121 642 accusator,

77 673 200 730 sneque
223 655 278 727 ita,
299 656 336 712 ut
359 673 436 729 quae
459 656 559 713 essent
582 657 650 713 acta
667 658 786 713 tantum
799 655 953 729 indicaret,
977 655 1029 713 sed
1044 656 1122 713 adie-

103 745 143 802 cit
166 743 325 817 invidiam,
348 762 413 801 rem
435 744 535 802 verbis
558 746 759 818 exasperavit:
783 746 970 802 accesserunt
987 744 1120 819 probati-

102 850 183 907 ones,
206 833 359 908 peroratio
382 832 516 890 incendit
539 836 570 890 et
596 833 700 908 plenos
727 835 790 892 irae
819 833 950 908 reliquit.
984 836 1121 909 expectat
1138 834 1175 888 76

102 921 285 980 naturaliter
306 920 404 995 iudex,
428 921 501 996 quid
523 925 661 980 narretur
683 941 701 979 a
724 922 818 981 nobie.
848 923 874 980 si
896 922 973 980 nihil
1000 924 1120 999 exponi-

101 1029 177 1085 mus,
201 1011 257 1068 illa
272 1029 345 1085 esse,
368 1028 445 1085 quae
460 1010 648 1069 adversarius
662 1011 747 1084 dixit,
766 1013 797 1069 et
811 1011 895 1085 talia,
914 1011 1017 1085 qualia
1035 1012 1120 1085 dixit,

68 1100 206 1159 rocredat
229 1117 350 1158 necesse
372 1103 424 1157 est.
455 1099 528 1174 quid
550 1097 643 1176 ergo?
671 1100 775 1158 eadem
802 1098 1003 1175 exponemus?
1031 1101 1056 1159 si
1084 1101 1120 1159 de

101 1189 252 1264 qualitate
276 1190 385 1265 agitur,
409 1189 493 1246 ouius
516 1191 582 1247 tum
605 1189 724 1247 demum
746 1189 884 1264 quaestio
908 1192 965 1261 est,
994 1207 1062 1246 cum
1084 1190 1120 1247 de

100 1297 131 1336 re
156 1281 289 1351 constat,
317 1276 434 1350 eadem,
462 1277 514 1335 sed
540 1296 600 1335 non
629 1277 732 1336 eodem
758 1278 864 1337 modo:
897 1279 972 1336 alias
1004 1297 1119 1352 causas,

100 1368 193 1425 aliam
216 1369 357 1440 mentem,
382 1367 473 1424 aliam
491 1369 639 1425 rationem
663 1367 748 1425 dabo.
773 1367 871 1425 verbis
895 1368 1010 1426 elevare
1029 1387 1118 1443 quae·
1136 1370 1171 1424 Π

100 1455 171 1513 dam
200 1454 318 1514 licebit:
354 1456 474 1513 luxuria
509 1455 711 1529 liberalitatis,
749 1456 878 1514 avaritia
909 1458 1119 1532 parsimoniae,

66 1565 87 1603 15
100 1544 294 1622 neglegentia
322 1544 527 1620 simplicitatis
554 1546 674 1603 nomine
701 1546 838 1618 lenietur,
867 1546 956 1603 vultu
983 1545 1118 1621 denique,

100 1652 183 1708 voce,
206 1633 314 1692 habitu
336 1634 385 1692 vel
408 1634 521 1693 favoris
545 1634 661 1708 aliquid
683 1635 733 1692 vel
755 1634 956 1693 miserationis
970 1635 1118 1693 merebor:

99 1724 179 1783 solet
200 1741 429 1797 nonnumquam
450 1742 569 1781 movere
587 1723 727 1782 lacrimas
750 1723 817 1799 ipsa
840 1724 994 1782 confessio.
1028 1727 1118 1800 atque

99 1830 155 1889 ogo
188 1811 318 1870 libenter
349 1812 544 1888 interrogem,
577 1813 637 1870 sint
668 1812 722 1870 illa
755 1813 916 1887 defensuri,
950 1831 1025 1887 quae
1057 1832 1117 1872 non

97 1903 301 1974 narraverint,
324 1899 436 1959 necne?
459 1919 531 1958 nam
549 1903 576 1960 si
588 1921 685 1977 neque
700 1902 886 1960 defenderint
904 1921 1000 1977 neque
1014 1921 1117 1960 narra-
1135 1902 1172 1957 78

60 2010 85 2049 ao
98 1992 209 2064 verint,
233 1992 299 2048 tota
322 1983 413 2050 causa
435 1989 591 2066 prodetur:
615 1993 648 2048 at
670 1992 697 2048 si
720 1991 870 2049 defensuri
897 1993 981 2064 suut,
1009 2010 1117 2066 propo·

97 2099 169 2139 nere
193 2080 274 2137 certe
292 2079 467 2154 plerumque
485 2078 526 2152 id,
550 2080 630 2153 quod
645 2079 848 2138 confirmaturi
862 2098 971 2152 sumne,
991 2083 1116 2154 oportet.

98 2186 152 2226 cur
175 2187 247 2245 ergo
270 2187 331 2227 non
354 2186 544 2244 exponamus,
568 2168 647 2243 quod
670 2171 700 2226 et
723 2169 798 2226 dilui
820 2171 921 2243 potest
946 2171 985 2242 et,
1008 2171 1043 2226 ut
1061 2169 1117 2228 hoc

97 2259 266 2333 contingat,
289 2259 394 2332 utique
417 2257 607 2315 indicandum
633 2256 698 2316 est?
722 2261 775 2316 aut
797 2257 870 2332 quid
892 2259 971 2315 inter
984 2257 1117 2334 probati·
1134 2258 1170 2312 79

98 2366 185 2406 onem
210 2349 241 2404 et
264 2347 468 2404 narrationem
490 2347 623 2420 interest,
646 2349 706 2406 nisi
729 2347 811 2422 quod
832 2349 966 2405 narratio
986 2350 1032 2406 est
1049 2367 1116 2422 pro-

57 2455 83 2494 se
98 2437 231 2494 bationis
264 2436 407 2494 continua
438 2437 614 2511 propositio,
639 2454 747 2495 ‘rursus
778 2436 917 2512 probatio
949 2438 1117 2495 narrationi

97 2543 265 2602 congruens
289 2522 496 2584 confirmatio?
519 2524 673 2584 videamus
693 2545 772 2603 ergo,
795 2546 867 2583 num
882 2528 1028 2602 expositio
1042 2526 1116 2585 haec

96 2615 218 2691 longior
246 2613 365 2671 demum
400 2632 463 2673 esse
491 2614 598 2673 debeat
630 2619 659 2673 et
691 2616 782 2691 paulo
810 2614 963 2674 verbosior
990 2634 1114 2691 praepa·
1161 2641 1164 2644 ·

95 2704 214 2762 ratione
239 2705 269 2760 et
296 2702 475 2778 quibusdam
508 2706 692 2780 argumentis
720 2697 920 2784 (argumentis
948 2704 1022 2778 dico,
1055 2725 1115 2763 non

96 2784 387 2873 argumentatione);
416 2792 464 2852 cui
485 2796 587 2851 tamen
615 2794 778 2868 plurimum
812 2794 943 2853 conferet
975 2795 1114 2868 frequens

54 2902 84 2942 so
98 2881 286 2955 adfirmatio,
311 2880 465 2942 effecturos
494 2900 547 2940 nos
578 2881 658 2957 quod
686 2882 823 2942 dicimus:
851 2903 911 2942 non
937 2901 1024 2957 posse
1051 2884 1114 2942 vim

95 2989 197 3029 rerum
221 2969 337 3029 ostendi
359 2972 457 3046 prima
481 2971 678 3045 expositione:
716 2975 871 3047 expectent
897 2975 927 3030 et
959 2971 1113 3046 opiniones

95 3078 165 3120 suas
190 3058 330 3117 differant
349 3062 379 3118 et
402 3060 476 3119 bene
499 3062 626 3133 sperent.
651 3059 777 3134 denique
801 3062 904 3135 utique
926 3061 1111 3120 narrandum
1127 3060 1166 3115 80

94 3152 150 3222 est,
182 3148 329 3222 quidquid
357 3149 453 3222 aliter,
485 3167 572 3223 quam
603 3147 790 3207 adversarius
819 3150 967 3225 exposuit,
995 3153 1113 3209 narrari

168 3378 184 3425 9
204 3373 233 3424 et
250 3388 307 3425 non
325 3371 396 3426 talia
414 3382 442 3425 Β
523 3378 555 3425 11
576 3373 676 3441 agetur
694 3381 815 3436 Bana?
893 3378 926 3426 13
945 3375 1070 3427 mentem
1088 3384 1111 3427 Α

97 3445 134 3498 Vt
149 3460 172 3512 p
190 3447 257 3497 425:
284 3446 370 3510 atque
390 3452 475 3497 Pom
494 3452 522 3495 B
538 3445 570 3497 ic
588 3444 631 3496 loe
730 3448 764 3496 14
783 3443 963 3498 liberalitatis
983 3445 1111 3500 Meister:

90 3514 250 3568 hilaritatis
268 3523 346 3567 AB?
369 3516 403 3570 Vt
479 3519 512 3568 29
532 3513 641 3569 confert
659 3523 712 3568 ΒΡ
