<?xml version="1.0" encoding="UTF-8"?>
<!DOCTYPE html PUBLIC "-//W3C//DTD XHTML 1.0 Transitional//EN"
    "http://www.w3.org/TR/xhtml1/DTD/xhtml1-transitional.dtd">
<html xmlns="http://www.w3.org/1999/xhtml" xml:lang="en" lang="en">
 <head>
  <title>
</title>
<meta http-equiv="Content-Type" content="text/html;charset=utf-8" />
  <meta name='ocr-system' content='tesseract 3.04.00' />
  <meta name='ocr-capabilities' content='ocr_page ocr_carea ocr_par ocr_line ocrx_word'/>
</head>
<body>
  <div class='ocr_page' id='page_1' title='image "./mfabiqvintilian00quingoog_0088.png"; bbox 0 0 2438 3832; ppageno 0'>
   <div class='ocr_carea' id='block_1_1' title="bbox 479 118 1084 190">
    <p class='ocr_par' dir='ltr' id='par_1_1' title="bbox 479 118 1084 190">
     <span class='ocr_line' id='line_1_1' title="bbox 479 118 1084 190; baseline -0.002 -16"><span class='ocrx_word' id='word_1_1' title='bbox 479 119 500 176; x_wconf 90' lang='lat'><strong>1.</strong></span> <span class='ocrx_word' id='word_1_2' title='bbox 520 128 562 190; x_wconf 82' lang='grc'><strong>11,</strong></span> <span class='ocrx_word' id='word_1_3' title='bbox 582 127 677 176; x_wconf 80' lang='grc'>1-11.</span> <span class='ocrx_word' id='word_1_4' title='bbox 1041 118 1084 184; x_wconf 85' lang='grc'><strong>69</strong></span> 
     </span>
    </p>
   </div>
   <div class='ocr_carea' id='block_1_2' title="bbox 42 281 1172 3299">
    <p class='ocr_par' dir='ltr' id='par_1_2' title="bbox 42 281 1172 3299">
     <span class='ocr_line' id='line_1_2' title="bbox 110 281 1086 366; baseline 0.003 -23"><span class='ocrx_word' id='word_1_5' title='bbox 110 281 191 359; x_wconf 77' lang='lat' dir='ltr'><strong>aliquid</strong></span> <span class='ocrx_word' id='word_1_6' title='bbox 209 289 375 349; x_wconf 86' lang='lat' dir='ltr'><strong>rationibus</strong></span> <span class='ocrx_word' id='word_1_7' title='bbox 399 289 576 362; x_wconf 69' lang='lat' dir='ltr'><strong>domesticis,</strong></span> <span class='ocrx_word' id='word_1_8' title='bbox 600 289 715 366; x_wconf 83' lang='lat' dir='ltr'><strong>aliquid</strong></span> <span class='ocrx_word' id='word_1_9' title='bbox 737 307 825 347; x_wconf 90' lang='lat' dir='ltr'><strong>curae</strong></span> <span class='ocrx_word' id='word_1_10' title='bbox 849 289 990 364; x_wconf 87' lang='lat' dir='ltr'><strong>corporis,</strong></span> <span class='ocrx_word' id='word_1_11' title='bbox 1013 307 1086 346; x_wconf 93' lang='lat' dir='ltr'><strong>non-</strong></span> 
     </span>
     <span class='ocr_line' id='line_1_3' title="bbox 109 370 1086 454; baseline 0.003 -21"><span class='ocrx_word' id='word_1_12' title='bbox 109 370 160 433; x_wconf 84' lang='lat' dir='ltr'><strong>uiti]</strong></span> <span class='ocrx_word' id='word_1_13' title='bbox 182 379 383 454; x_wconf 78' lang='lat' dir='ltr'><strong>voluptatibus</strong></span> <span class='ocrx_word' id='word_1_14' title='bbox 413 378 521 438; x_wconf 75' lang='lat' dir='ltr'><strong>cotidie</strong></span> <span class='ocrx_word' id='word_1_15' title='bbox 551 376 678 438; x_wconf 82' lang='lat' dir='ltr'><strong>damus?</strong></span> <span class='ocrx_word' id='word_1_16' title='bbox 712 397 838 454; x_wconf 88' lang='lat' dir='ltr'><strong>quarum</strong></span> <span class='ocrx_word' id='word_1_17' title='bbox 868 396 922 437; x_wconf 89' lang='lat' dir='ltr'><strong>nos</strong></span> <span class='ocrx_word' id='word_1_18' title='bbox 952 395 1012 436; x_wconf 85' lang='lat' dir='ltr'><strong>una</strong></span> <span class='ocrx_word' id='word_1_19' title='bbox 1038 395 1086 436; x_wconf 90' lang='lat' dir='ltr'><strong>res</strong></span> 
     </span>
     <span class='ocr_line' id='line_1_4' title="bbox 107 465 1088 544; baseline 0.006 -26"><span class='ocrx_word' id='word_1_20' title='bbox 107 465 223 533; x_wconf 84' lang='lat' dir='ltr'><strong>quaelibet</strong></span> <span class='ocrx_word' id='word_1_21' title='bbox 246 468 323 526; x_wconf 89' lang='lat' dir='ltr'><strong>nihil</strong></span> <span class='ocrx_word' id='word_1_22' title='bbox 349 469 577 527; x_wconf 87' lang='lat' dir='ltr'><strong>intermittentis</strong></span> <span class='ocrx_word' id='word_1_23' title='bbox 608 469 763 544; x_wconf 83' lang='lat' dir='ltr'><strong>fatigaret:</strong></span> <span class='ocrx_word' id='word_1_24' title='bbox 793 468 866 525; x_wconf 90' lang='lat' dir='ltr'><strong>adeo</strong></span> <span class='ocrx_word' id='word_1_25' title='bbox 894 468 1013 526; x_wconf 80' lang='lat' dir='ltr'><strong>facilius</strong></span> <span class='ocrx_word' id='word_1_26' title='bbox 1041 469 1088 525; x_wconf 87' lang='lat' dir='ltr'><strong>est</strong></span> 
     </span>
     <span class='ocr_line' id='line_1_5' title="bbox 106 552 484 632; baseline 0.013 -22"><span class='ocrx_word' id='word_1_27' title='bbox 106 552 174 613; x_wconf 83' lang='lat' dir='ltr'><strong>multa</strong></span> <span class='ocrx_word' id='word_1_28' title='bbox 192 557 286 616; x_wconf 87' lang='lat' dir='ltr'><strong>facere</strong></span> <span class='ocrx_word' id='word_1_29' title='bbox 310 577 402 632; x_wconf 87' lang='lat' dir='ltr'><strong>quam</strong></span> <span class='ocrx_word' id='word_1_30' title='bbox 424 557 484 615; x_wconf 91' lang='lat' dir='ltr'><strong>diu.</strong></span> 
     </span>
     <span class='ocr_line' id='line_1_6' title="bbox 89 642 1139 722; baseline 0.005 -20"><span class='ocrx_word' id='word_1_31' title='bbox 89 653 96 692; x_wconf 82' lang='lat'>⁵</span> <span class='ocrx_word' id='word_1_32' title='bbox 149 642 216 703; x_wconf 89' lang='lat' dir='ltr'><strong>Illud</strong></span> <span class='ocrx_word' id='word_1_33' title='bbox 239 646 361 722; x_wconf 90' lang='lat' dir='ltr'><strong>quidem</strong></span> <span class='ocrx_word' id='word_1_34' title='bbox 383 645 504 704; x_wconf 83' lang='lat' dir='ltr'><strong>mininie</strong></span> <span class='ocrx_word' id='word_1_35' title='bbox 528 645 690 704; x_wconf 82' lang='lat' dir='ltr'><strong>verendum</strong></span> <span class='ocrx_word' id='word_1_36' title='bbox 718 649 769 720; x_wconf 84' lang='lat' dir='ltr'><strong>est,</strong></span> <span class='ocrx_word' id='word_1_37' title='bbox 798 664 835 702; x_wconf 93' lang='lat' dir='ltr'><strong>ne</strong></span> <span class='ocrx_word' id='word_1_38' title='bbox 862 645 994 703; x_wconf 87' lang='lat' dir='ltr'><strong>laborem</strong></span> <span class='ocrx_word' id='word_1_39' title='bbox 1022 648 1083 703; x_wconf 87' lang='lat' dir='ltr'><strong>stu·</strong></span> <span class='ocrx_word' id='word_1_40' title='bbox 1121 651 1139 707; x_wconf 81' lang='lat'><strong>8</strong></span> 
     </span>
     <span class='ocr_line' id='line_1_7' title="bbox 104 724 1086 810; baseline 0.008 -28"><span class='ocrx_word' id='word_1_41' title='bbox 104 724 188 791; x_wconf 90' lang='lat' dir='ltr'><strong>diorum</strong></span> <span class='ocrx_word' id='word_1_42' title='bbox 205 737 291 810; x_wconf 91' lang='lat' dir='ltr'><strong>pueri</strong></span> <span class='ocrx_word' id='word_1_43' title='bbox 321 734 472 793; x_wconf 84' lang='lat' dir='ltr'><strong>difficilius</strong></span> <span class='ocrx_word' id='word_1_44' title='bbox 502 735 644 809; x_wconf 71' lang='lat' dir='ltr'><strong>tolerent,</strong></span> <span class='ocrx_word' id='word_1_45' title='bbox 673 754 769 810; x_wconf 88' lang='lat' dir='ltr'><strong>neque</strong></span> <span class='ocrx_word' id='word_1_46' title='bbox 800 734 880 793; x_wconf 89' lang='lat' dir='ltr'><strong>enim</strong></span> <span class='ocrx_word' id='word_1_47' title='bbox 908 734 972 791; x_wconf 88' lang='lat' dir='ltr'><strong>ulla</strong></span> <span class='ocrx_word' id='word_1_48' title='bbox 1003 736 1086 792; x_wconf 82' lang='lat' dir='ltr'><strong>setas</strong></span> 
     </span>
     <span class='ocr_line' id='line_1_8' title="bbox 103 819 1139 901; baseline 0.003 -24"><span class='ocrx_word' id='word_1_49' title='bbox 103 819 173 881; x_wconf 81' lang='lat' dir='ltr'><strong>uinus</strong></span> <span class='ocrx_word' id='word_1_50' title='bbox 194 825 350 901; x_wconf 82' lang='lat' dir='ltr'><strong>fatigatur.</strong></span> <span class='ocrx_word' id='word_1_51' title='bbox 373 826 484 882; x_wconf 89' lang='lat' dir='ltr'><strong>mirum</strong></span> <span class='ocrx_word' id='word_1_52' title='bbox 508 824 548 882; x_wconf 91' lang='lat' dir='ltr'><strong>sit</strong></span> <span class='ocrx_word' id='word_1_53' title='bbox 570 824 706 897; x_wconf 78' lang='lat' dir='ltr'><strong>forsitan,</strong></span> <span class='ocrx_word' id='word_1_54' title='bbox 730 824 782 882; x_wconf 91' lang='lat' dir='ltr'><strong>sed</strong></span> <span class='ocrx_word' id='word_1_55' title='bbox 804 824 1013 899; x_wconf 72' lang='lat' dir='ltr'><strong>experimentis</strong></span> <span class='ocrx_word' id='word_1_56' title='bbox 1037 823 1085 881; x_wconf 88' lang='lat' dir='ltr'><strong>de·</strong></span> <span class='ocrx_word' id='word_1_57' title='bbox 1130 824 1139 833; x_wconf 81' lang='grc'><em>”</em></span> 
     </span>
     <span class='ocr_line' id='line_1_9' title="bbox 42 911 1085 990; baseline 0.006 -27"><span class='ocrx_word' id='word_1_58' title='bbox 42 946 45 983; x_wconf 80' lang='grc'>,</span> <span class='ocrx_word' id='word_1_59' title='bbox 101 912 211 988; x_wconf 84' lang='lat' dir='ltr'><strong>prendcs3</strong></span> <span class='ocrx_word' id='word_1_60' title='bbox 233 932 304 972; x_wconf 89' lang='lat' dir='ltr'><strong>narn</strong></span> <span class='ocrx_word' id='word_1_61' title='bbox 329 915 359 971; x_wconf 89' lang='lat' dir='ltr'><strong>et</strong></span> <span class='ocrx_word' id='word_1_62' title='bbox 382 913 525 972; x_wconf 76' lang='lat' dir='ltr'><strong>dociliora</strong></span> <span class='ocrx_word' id='word_1_63' title='bbox 547 915 617 972; x_wconf 91' lang='lat' dir='ltr'><strong>sunt</strong></span> <span class='ocrx_word' id='word_1_64' title='bbox 639 914 769 990; x_wconf 87' lang='lat' dir='ltr'><strong>ingenia,</strong></span> <span class='ocrx_word' id='word_1_65' title='bbox 796 912 971 988; x_wconf 80' lang='lat' dir='ltr'><strong>priusquam</strong></span> <span class='ocrx_word' id='word_1_66' title='bbox 995 911 1085 970; x_wconf 93' lang='lat' dir='ltr'><strong>obdu-</strong></span> 
     </span>
     <span class='ocr_line' id='line_1_10' title="bbox 42 990 1140 1078; baseline 0.006 -23"><span class='ocrx_word' id='word_1_67' title='bbox 42 990 44 995; x_wconf 69' lang='grc'><strong>’</strong></span> <span class='ocrx_word' id='word_1_68' title='bbox 101 1005 201 1060; x_wconf 84' lang='lat' dir='ltr'><strong>ruemnt.</strong></span> <span class='ocrx_word' id='word_1_69' title='bbox 223 1002 256 1060; x_wconf 90' lang='lat' dir='ltr'><strong>id</strong></span> <span class='ocrx_word' id='word_1_70' title='bbox 279 1003 328 1061; x_wconf 83' lang='lat' dir='ltr'><strong>vel</strong></span> <span class='ocrx_word' id='word_1_71' title='bbox 350 1002 407 1061; x_wconf 88' lang='lat' dir='ltr'><strong>hoc</strong></span> <span class='ocrx_word' id='word_1_72' title='bbox 420 1004 595 1078; x_wconf 85' lang='lat' dir='ltr'><strong>argumento</strong></span> <span class='ocrx_word' id='word_1_73' title='bbox 609 1005 702 1077; x_wconf 87' lang='lat' dir='ltr'><strong>petet,</strong></span> <span class='ocrx_word' id='word_1_74' title='bbox 726 1002 806 1076; x_wconf 92' lang='lat' dir='ltr'><strong>quod</strong></span> <span class='ocrx_word' id='word_1_75' title='bbox 823 1003 904 1060; x_wconf 82' lang='lat' dir='ltr'><strong>intra</strong></span> <span class='ocrx_word' id='word_1_76' title='bbox 922 1000 1084 1075; x_wconf 86' lang='lat' dir='ltr'><strong>biennium,</strong></span> <span class='ocrx_word' id='word_1_77' title='bbox 1121 1009 1140 1062; x_wconf 78' lang='grc'><strong>1</strong></span> 
     </span>
     <span class='ocr_line' id='line_1_11' title="bbox 78 1088 1086 1166; baseline -0.002 -18"><span class='ocrx_word' id='word_1_78' title='bbox 78 1097 93 1136; x_wconf 75' lang='lat'><strong>¹⁰</strong></span> <span class='ocrx_word' id='word_1_79' title='bbox 101 1099 165 1155; x_wconf 75' lang='grc'>11111</span> <span class='ocrx_word' id='word_1_80' title='bbox 183 1091 275 1149; x_wconf 83' lang='lat' dir='ltr'><strong>verba</strong></span> <span class='ocrx_word' id='word_1_81' title='bbox 297 1094 376 1149; x_wconf 86' lang='lat' dir='ltr'><strong>recte</strong></span> <span class='ocrx_word' id='word_1_82' title='bbox 399 1091 527 1150; x_wconf 84' lang='lat' dir='ltr'><strong>formare</strong></span> <span class='ocrx_word' id='word_1_83' title='bbox 557 1093 729 1165; x_wconf 87' lang='lat' dir='ltr'><strong>potuerunt,</strong></span> <span class='ocrx_word' id='word_1_84' title='bbox 762 1092 898 1166; x_wconf 85' lang='lat' dir='ltr'><strong>quamvis</strong></span> <span class='ocrx_word' id='word_1_85' title='bbox 928 1088 1011 1147; x_wconf 92' lang='lat' dir='ltr'><strong>nullo</strong></span> <span class='ocrx_word' id='word_1_86' title='bbox 1041 1091 1086 1146; x_wconf 90' lang='lat' dir='ltr'><strong>in·</strong></span> 
     </span>
     <span class='ocr_line' id='line_1_12' title="bbox 100 1174 1086 1254; baseline 0.004 -22"><span class='ocrx_word' id='word_1_87' title='bbox 100 1174 171 1237; x_wconf 78' lang='lat' dir='ltr'><strong>stante</strong></span> <span class='ocrx_word' id='word_1_88' title='bbox 192 1180 295 1238; x_wconf 85' lang='lat' dir='ltr'><strong>omnia</strong></span> <span class='ocrx_word' id='word_1_89' title='bbox 317 1180 379 1238; x_wconf 88' lang='lat' dir='ltr'><strong>fere</strong></span> <span class='ocrx_word' id='word_1_90' title='bbox 408 1181 562 1238; x_wconf 89' lang='lat' dir='ltr'><strong>locuntur:</strong></span> <span class='ocrx_word' id='word_1_91' title='bbox 590 1182 622 1238; x_wconf 87' lang='lat' dir='ltr'><strong>at</strong></span> <span class='ocrx_word' id='word_1_92' title='bbox 649 1179 774 1238; x_wconf 86' lang='lat' dir='ltr'><strong>noviciis</strong></span> <span class='ocrx_word' id='word_1_93' title='bbox 804 1181 913 1238; x_wconf 84' lang='lat' dir='ltr'><strong>nostris</strong></span> <span class='ocrx_word' id='word_1_94' title='bbox 937 1198 990 1254; x_wconf 90' lang='lat' dir='ltr'><strong>per</strong></span> <span class='ocrx_word' id='word_1_95' title='bbox 1012 1181 1086 1253; x_wconf 92' lang='lat' dir='ltr'><strong>quot</strong></span> 
     </span>
     <span class='ocr_line' id='line_1_13' title="bbox 99 1269 1129 1346; baseline -0.002 -20"><span class='ocrx_word' id='word_1_96' title='bbox 99 1277 166 1328; x_wconf 65' lang='lat' dir='ltr'><strong>annos</strong></span> <span class='ocrx_word' id='word_1_97' title='bbox 186 1288 284 1328; x_wconf 90' lang='lat' dir='ltr'><strong>sermo</strong></span> <span class='ocrx_word' id='word_1_98' title='bbox 307 1269 433 1328; x_wconf 87' lang='lat' dir='ltr'><strong>Latinus</strong></span> <span class='ocrx_word' id='word_1_99' title='bbox 455 1269 616 1345; x_wconf 77' lang='lat' dir='ltr'><strong>repugnat!</strong></span> <span class='ocrx_word' id='word_1_100' title='bbox 639 1269 735 1346; x_wconf 86' lang='lat' dir='ltr'><strong>magis</strong></span> <span class='ocrx_word' id='word_1_101' title='bbox 758 1271 843 1341; x_wconf 86' lang='lat' dir='ltr'><strong>scias,</strong></span> <span class='ocrx_word' id='word_1_102' title='bbox 866 1270 893 1327; x_wconf 90' lang='lat' dir='ltr'><strong>si</strong></span> <span class='ocrx_word' id='word_1_103' title='bbox 916 1286 1004 1342; x_wconf 90' lang='lat' dir='ltr'><strong>quem</strong></span> <span class='ocrx_word' id='word_1_104' title='bbox 1024 1269 1086 1325; x_wconf 81' lang='lat' dir='ltr'><strong>iam</strong></span> <span class='ocrx_word' id='word_1_105' title='bbox 1128 1312 1129 1315; x_wconf 19' lang='lat'>¹</span> 
     </span>
     <span class='ocr_line' id='line_1_14' title="bbox 98 1350 1087 1433; baseline 0.008 -28"><span class='ocrx_word' id='word_1_106' title='bbox 98 1350 226 1416; x_wconf 85' lang='lat' dir='ltr'><strong>robustum</strong></span> <span class='ocrx_word' id='word_1_107' title='bbox 248 1358 407 1416; x_wconf 83' lang='lat' dir='ltr'><strong>instituere</strong></span> <span class='ocrx_word' id='word_1_108' title='bbox 425 1358 536 1417; x_wconf 87' lang='lat' dir='ltr'><strong>litteris</strong></span> <span class='ocrx_word' id='word_1_109' title='bbox 560 1359 700 1433; x_wconf 82' lang='lat' dir='ltr'><strong>coepen&#39;s,</strong></span> <span class='ocrx_word' id='word_1_110' title='bbox 730 1376 789 1415; x_wconf 94' lang='lat' dir='ltr'><strong>non</strong></span> <span class='ocrx_word' id='word_1_111' title='bbox 817 1356 880 1415; x_wconf 90' lang='lat' dir='ltr'><strong>sine</strong></span> <span class='ocrx_word' id='word_1_112' title='bbox 910 1375 1000 1415; x_wconf 82' lang='lat' dir='ltr'><strong>causa</strong></span> <span class='ocrx_word' id='word_1_113' title='bbox 1028 1355 1087 1414; x_wconf 89' lang='lat' dir='ltr'><strong>dici</strong></span> 
     </span>
     <span class='ocr_line' id='line_1_15' title="bbox 98 1444 1086 1523; baseline 0.01 -31"><span class='ocrx_word' id='word_1_114' title='bbox 98 1444 270 1523; x_wconf 75' lang='grc' dir='ltr'><em>παιδομαθεῑς</em></span> <span class='ocrx_word' id='word_1_115' title='bbox 294 1465 352 1519; x_wconf 91' lang='lat' dir='ltr'><strong>eos,</strong></span> <span class='ocrx_word' id='word_1_116' title='bbox 376 1449 429 1522; x_wconf 91' lang='lat' dir='ltr'><strong>qui</strong></span> <span class='ocrx_word' id='word_1_117' title='bbox 450 1447 482 1504; x_wconf 91' lang='lat' dir='ltr'><strong>in</strong></span> <span class='ocrx_word' id='word_1_118' title='bbox 507 1466 560 1505; x_wconf 86' lang='lat' dir='ltr'><strong>sua</strong></span> <span class='ocrx_word' id='word_1_119' title='bbox 584 1447 714 1522; x_wconf 90' lang='lat' dir='ltr'><strong>quidque</strong></span> <span class='ocrx_word' id='word_1_120' title='bbox 737 1450 800 1504; x_wconf 90' lang='lat' dir='ltr'><strong>arte</strong></span> <span class='ocrx_word' id='word_1_121' title='bbox 824 1445 937 1521; x_wconf 88' lang='lat' dir='ltr'><strong>optime</strong></span> <span class='ocrx_word' id='word_1_122' title='bbox 964 1445 1086 1503; x_wconf 86' lang='lat' dir='ltr'><strong>faciant.</strong></span> 
     </span>
     <span class='ocr_line' id='line_1_16' title="bbox 72 1530 1140 1611; baseline 0.018 -33"><span class='ocrx_word' id='word_1_123' title='bbox 72 1530 118 1585; x_wconf 82' lang='lat' dir='ltr'><strong>oet</strong></span> <span class='ocrx_word' id='word_1_124' title='bbox 133 1537 289 1607; x_wconf 80' lang='lat' dir='ltr'><strong>patientior</strong></span> <span class='ocrx_word' id='word_1_125' title='bbox 312 1539 357 1595; x_wconf 90' lang='lat' dir='ltr'><strong>est</strong></span> <span class='ocrx_word' id='word_1_126' title='bbox 386 1536 498 1594; x_wconf 87' lang='lat' dir='ltr'><strong>laboris</strong></span> <span class='ocrx_word' id='word_1_127' title='bbox 530 1539 639 1594; x_wconf 85' lang='lat' dir='ltr'><strong>natura</strong></span> <span class='ocrx_word' id='word_1_128' title='bbox 668 1536 768 1611; x_wconf 88' lang='lat' dir='ltr'><strong>pueris</strong></span> <span class='ocrx_word' id='word_1_129' title='bbox 799 1553 890 1610; x_wconf 86' lang='lat' dir='ltr'><strong>quam</strong></span> <span class='ocrx_word' id='word_1_130' title='bbox 918 1534 1084 1594; x_wconf 89' lang='lat' dir='ltr'><strong>iuvenibus.</strong></span> <span class='ocrx_word' id='word_1_131' title='bbox 1102 1540 1140 1597; x_wconf 85' lang='grc'><strong>11</strong></span> 
     </span>
     <span class='ocr_line' id='line_1_17' title="bbox 97 1615 1172 1700; baseline 0 -20"><span class='ocrx_word' id='word_1_132' title='bbox 97 1615 209 1684; x_wconf 71' lang='lat' dir='ltr'><strong>videlieet</strong></span> <span class='ocrx_word' id='word_1_133' title='bbox 232 1628 267 1683; x_wconf 90' lang='lat' dir='ltr'><strong>nt</strong></span> <span class='ocrx_word' id='word_1_134' title='bbox 291 1643 415 1700; x_wconf 86' lang='lat' dir='ltr'><strong>corpora</strong></span> <span class='ocrx_word' id='word_1_135' title='bbox 437 1625 600 1683; x_wconf 86' lang='lat' dir='ltr'><strong>infantium</strong></span> <span class='ocrx_word' id='word_1_136' title='bbox 624 1643 678 1684; x_wconf 92' lang='lat' dir='ltr'><strong>nec</strong></span> <span class='ocrx_word' id='word_1_137' title='bbox 706 1643 799 1697; x_wconf 87' lang='lat' dir='ltr'><strong>cesus,</strong></span> <span class='ocrx_word' id='word_1_138' title='bbox 828 1643 886 1698; x_wconf 93' lang='lat' dir='ltr'><strong>quo</strong></span> <span class='ocrx_word' id='word_1_139' title='bbox 914 1626 946 1681; x_wconf 92' lang='lat' dir='ltr'><strong>in</strong></span> <span class='ocrx_word' id='word_1_140' title='bbox 973 1626 1086 1682; x_wconf 87' lang='lat' dir='ltr'><strong>terram</strong></span> <span class='ocrx_word' id='word_1_141' title='bbox 1168 1666 1172 1673; x_wconf 87' lang='lat'>.</span> 
     </span>
     <span class='ocr_line' id='line_1_18' title="bbox 96 1705 1087 1790; baseline 0.001 -23"><span class='ocrx_word' id='word_1_142' title='bbox 96 1705 180 1773; x_wconf 79' lang='lat' dir='ltr'><strong>tuens</strong></span> <span class='ocrx_word' id='word_1_143' title='bbox 203 1714 389 1787; x_wconf 88' lang='lat' dir='ltr'><strong>deferuntur,</strong></span> <span class='ocrx_word' id='word_1_144' title='bbox 412 1716 475 1772; x_wconf 86' lang='lat' dir='ltr'><strong>tam</strong></span> <span class='ocrx_word' id='word_1_145' title='bbox 499 1715 631 1790; x_wconf 86' lang='lat' dir='ltr'><strong>graviter</strong></span> <span class='ocrx_word' id='word_1_146' title='bbox 654 1713 771 1790; x_wconf 87' lang='lat' dir='ltr'><strong>adfligit</strong></span> <span class='ocrx_word' id='word_1_147' title='bbox 794 1731 848 1772; x_wconf 84' lang='lat' dir='ltr'><strong>nec</strong></span> <span class='ocrx_word' id='word_1_148' title='bbox 875 1713 929 1771; x_wconf 88' lang='lat' dir='ltr'><strong>illa</strong></span> <span class='ocrx_word' id='word_1_149' title='bbox 951 1732 1004 1789; x_wconf 91' lang='lat' dir='ltr'><strong>per</strong></span> <span class='ocrx_word' id='word_1_150' title='bbox 1025 1731 1087 1769; x_wconf 84' lang='lat' dir='ltr'><strong>mn·</strong></span> 
     </span>
     <span class='ocr_line' id='line_1_19' title="bbox 95 1799 1087 1880; baseline -0.001 -22"><span class='ocrx_word' id='word_1_151' title='bbox 95 1810 133 1858; x_wconf 73' lang='lat' dir='ltr'><strong>ssus</strong></span> <span class='ocrx_word' id='word_1_152' title='bbox 152 1806 179 1861; x_wconf 89' lang='lat' dir='ltr'><strong>et</strong></span> <span class='ocrx_word' id='word_1_153' title='bbox 209 1821 307 1880; x_wconf 86' lang='lat' dir='ltr'><strong>genua</strong></span> <span class='ocrx_word' id='word_1_154' title='bbox 337 1803 468 1878; x_wconf 83' lang='lat' dir='ltr'><strong>reptatio</strong></span> <span class='ocrx_word' id='word_1_155' title='bbox 501 1821 556 1860; x_wconf 88' lang='lat' dir='ltr'><strong>nec</strong></span> <span class='ocrx_word' id='word_1_156' title='bbox 585 1806 653 1878; x_wconf 88' lang='lat' dir='ltr'><strong>post</strong></span> <span class='ocrx_word' id='word_1_157' title='bbox 684 1803 772 1861; x_wconf 87' lang='lat' dir='ltr'><strong>breve</strong></span> <span class='ocrx_word' id='word_1_158' title='bbox 805 1807 922 1877; x_wconf 88' lang='lat' dir='ltr'><strong>tempus</strong></span> <span class='ocrx_word' id='word_1_159' title='bbox 955 1799 1087 1860; x_wconf 88' lang='lat' dir='ltr'><strong>continui</strong></span> 
     </span>
     <span class='ocr_line' id='line_1_20' title="bbox 93 1880 1087 1967; baseline -0.002 -18"><span class='ocrx_word' id='word_1_160' title='bbox 93 1880 153 1949; x_wconf 76' lang='lat' dir='ltr'><strong>lusus</strong></span> <span class='ocrx_word' id='word_1_161' title='bbox 174 1894 204 1950; x_wconf 90' lang='lat' dir='ltr'><strong>et</strong></span> <span class='ocrx_word' id='word_1_162' title='bbox 227 1892 322 1950; x_wconf 89' lang='lat' dir='ltr'><strong>totius</strong></span> <span class='ocrx_word' id='word_1_163' title='bbox 345 1891 404 1950; x_wconf 92' lang='lat' dir='ltr'><strong>diei</strong></span> <span class='ocrx_word' id='word_1_164' title='bbox 427 1892 586 1964; x_wconf 89' lang='lat' dir='ltr'><strong>discursus,</strong></span> <span class='ocrx_word' id='word_1_165' title='bbox 610 1892 681 1965; x_wconf 89' lang='lat' dir='ltr'><strong>quia</strong></span> <span class='ocrx_word' id='word_1_166' title='bbox 703 1892 818 1967; x_wconf 91' lang='lat' dir='ltr'><strong>pondus</strong></span> <span class='ocrx_word' id='word_1_167' title='bbox 841 1891 903 1949; x_wconf 89' lang='lat' dir='ltr'><strong>illis</strong></span> <span class='ocrx_word' id='word_1_168' title='bbox 927 1891 1011 1948; x_wconf 84' lang='lat' dir='ltr'><strong>abest</strong></span> <span class='ocrx_word' id='word_1_169' title='bbox 1033 1908 1087 1948; x_wconf 88' lang='lat' dir='ltr'><strong>nec</strong></span> 
     </span>
     <span class='ocr_line' id='line_1_21' title="bbox 68 1980 1087 2058; baseline 0 -22"><span class='ocrx_word' id='word_1_170' title='bbox 68 1985 114 2032; x_wconf 73' lang='lat'><strong>²⁰⁸0</strong></span> <span class='ocrx_word' id='word_1_171' title='bbox 136 1981 192 2055; x_wconf 90' lang='lat' dir='ltr'><strong>ipsi</strong></span> <span class='ocrx_word' id='word_1_172' title='bbox 230 1982 371 2058; x_wconf 83' lang='lat' dir='ltr'><strong>gravant:</strong></span> <span class='ocrx_word' id='word_1_173' title='bbox 404 1981 447 2039; x_wconf 88' lang='lat' dir='ltr'><strong>sie</strong></span> <span class='ocrx_word' id='word_1_174' title='bbox 470 1980 562 2037; x_wconf 87' lang='lat' dir='ltr'><strong>animi</strong></span> <span class='ocrx_word' id='word_1_175' title='bbox 585 1999 716 2056; x_wconf 86' lang='lat' dir='ltr'><strong>quoque,</strong></span> <span class='ocrx_word' id='word_1_176' title='bbox 745 1980 840 2051; x_wconf 90' lang='lat' dir='ltr'><strong>credo,</strong></span> <span class='ocrx_word' id='word_1_177' title='bbox 870 1982 942 2054; x_wconf 84' lang='lat' dir='ltr'><strong>quia</strong></span> <span class='ocrx_word' id='word_1_178' title='bbox 972 1980 1087 2037; x_wconf 88' lang='lat' dir='ltr'><strong>minore</strong></span> 
     </span>
     <span class='ocr_line' id='line_1_22' title="bbox 92 2066 1087 2144; baseline 0.002 -22"><span class='ocrx_word' id='word_1_179' title='bbox 92 2072 179 2127; x_wconf 76' lang='lat' dir='ltr'><strong>unctu</strong></span> <span class='ocrx_word' id='word_1_180' title='bbox 202 2072 363 2128; x_wconf 88' lang='lat' dir='ltr'><strong>moventur</strong></span> <span class='ocrx_word' id='word_1_181' title='bbox 385 2089 438 2128; x_wconf 86' lang='lat' dir='ltr'><strong>nec</strong></span> <span class='ocrx_word' id='word_1_182' title='bbox 462 2088 516 2127; x_wconf 93' lang='lat' dir='ltr'><strong>suo</strong></span> <span class='ocrx_word' id='word_1_183' title='bbox 539 2070 607 2127; x_wconf 89' lang='lat' dir='ltr'><strong>nisu</strong></span> <span class='ocrx_word' id='word_1_184' title='bbox 631 2069 736 2127; x_wconf 88' lang='lat' dir='ltr'><strong>studiis</strong></span> <span class='ocrx_word' id='word_1_185' title='bbox 759 2071 916 2144; x_wconf 82' lang='lat' dir='ltr'><strong>insistunt,</strong></span> <span class='ocrx_word' id='word_1_186' title='bbox 948 2068 1001 2126; x_wconf 92' lang='lat' dir='ltr'><strong>sed</strong></span> <span class='ocrx_word' id='word_1_187' title='bbox 1029 2066 1087 2125; x_wconf 84' lang='lat' dir='ltr'><strong>for·</strong></span> 
     </span>
     <span class='ocr_line' id='line_1_23' title="bbox 89 2157 1086 2233; baseline 0.002 -22"><span class='ocrx_word' id='word_1_188' title='bbox 89 2159 193 2217; x_wconf 84' lang='lat' dir='ltr'><strong>nendos</strong></span> <span class='ocrx_word' id='word_1_189' title='bbox 218 2178 249 2216; x_wconf 89' lang='lat' dir='ltr'><strong>se</strong></span> <span class='ocrx_word' id='word_1_190' title='bbox 273 2158 481 2216; x_wconf 83' lang='lat' dir='ltr'><strong>tantummodo</strong></span> <span class='ocrx_word' id='word_1_191' title='bbox 496 2161 659 2233; x_wconf 87' lang='lat' dir='ltr'><strong>praestant,</strong></span> <span class='ocrx_word' id='word_1_192' title='bbox 682 2178 741 2217; x_wconf 92' lang='lat' dir='ltr'><strong>non</strong></span> <span class='ocrx_word' id='word_1_193' title='bbox 761 2157 898 2216; x_wconf 89' lang='lat' dir='ltr'><strong>similiter</strong></span> <span class='ocrx_word' id='word_1_194' title='bbox 911 2157 1086 2233; x_wconf 85' lang='lat' dir='ltr'><strong>fatigentur.</strong></span> 
     </span>
     <span class='ocr_line' id='line_1_24' title="bbox 88 2246 1139 2316; baseline 0.004 -12"><span class='ocrx_word' id='word_1_195' title='bbox 88 2251 227 2316; x_wconf 80' lang='lat' dir='ltr'><strong>praeterea</strong></span> <span class='ocrx_word' id='word_1_196' title='bbox 251 2247 413 2306; x_wconf 86' lang='lat' dir='ltr'><strong>secundum</strong></span> <span class='ocrx_word' id='word_1_197' title='bbox 436 2247 527 2305; x_wconf 85' lang='lat' dir='ltr'><strong>aliam</strong></span> <span class='ocrx_word' id='word_1_198' title='bbox 551 2248 659 2305; x_wconf 81' lang='lat' dir='ltr'><strong>aetatis</strong></span> <span class='ocrx_word' id='word_1_199' title='bbox 689 2247 771 2306; x_wconf 87' lang='lat' dir='ltr'><strong>illius</strong></span> <span class='ocrx_word' id='word_1_200' title='bbox 799 2247 977 2305; x_wconf 81' lang='lat' dir='ltr'><strong>facilitatem</strong></span> <span class='ocrx_word' id='word_1_201' title='bbox 1004 2246 1087 2304; x_wconf 89' lang='lat' dir='ltr'><strong>velut</strong></span> <span class='ocrx_word' id='word_1_202' title='bbox 1103 2253 1139 2307; x_wconf 95' lang='grc'><strong>11</strong></span> 
     </span>
     <span class='ocr_line' id='line_1_25' title="bbox 87 2333 1086 2412; baseline -0.001 -20"><span class='ocrx_word' id='word_1_203' title='bbox 87 2333 236 2410; x_wconf 74' lang='lat' dir='ltr'><strong>simplicius</strong></span> <span class='ocrx_word' id='word_1_204' title='bbox 255 2336 387 2395; x_wconf 85' lang='lat' dir='ltr'><strong>docentis</strong></span> <span class='ocrx_word' id='word_1_205' title='bbox 411 2338 552 2395; x_wconf 88' lang='lat' dir='ltr'><strong>secuntur</strong></span> <span class='ocrx_word' id='word_1_206' title='bbox 574 2354 628 2394; x_wconf 88' lang='lat' dir='ltr'><strong>nec</strong></span> <span class='ocrx_word' id='word_1_207' title='bbox 650 2355 726 2411; x_wconf 89' lang='lat' dir='ltr'><strong>quae</strong></span> <span class='ocrx_word' id='word_1_208' title='bbox 749 2337 810 2394; x_wconf 87' lang='lat' dir='ltr'><strong>iam</strong></span> <span class='ocrx_word' id='word_1_209' title='bbox 830 2336 945 2412; x_wconf 85' lang='lat' dir='ltr'><strong>egerint</strong></span> <span class='ocrx_word' id='word_1_210' title='bbox 958 2335 1086 2393; x_wconf 90' lang='lat' dir='ltr'><strong>metiun-</strong></span> 
     </span>
     <span class='ocr_line' id='line_1_26' title="bbox 59 2423 1088 2498; baseline -0.001 -16"><span class='ocrx_word' id='word_1_211' title='bbox 59 2423 134 2483; x_wconf 71' lang='grc'>11111</span> <span class='ocrx_word' id='word_1_212' title='bbox 161 2425 247 2484; x_wconf 86' lang='lat' dir='ltr'><strong>abest</strong></span> <span class='ocrx_word' id='word_1_213' title='bbox 274 2425 336 2484; x_wconf 87' lang='lat' dir='ltr'><strong>illis</strong></span> <span class='ocrx_word' id='word_1_214' title='bbox 364 2425 461 2483; x_wconf 92' lang='lat' dir='ltr'><strong>adhuc</strong></span> <span class='ocrx_word' id='word_1_215' title='bbox 492 2427 583 2483; x_wconf 84' lang='lat' dir='ltr'><strong>etiam</strong></span> <span class='ocrx_word' id='word_1_216' title='bbox 610 2425 720 2484; x_wconf 88' lang='lat' dir='ltr'><strong>laboris</strong></span> <span class='ocrx_word' id='word_1_217' title='bbox 751 2425 903 2483; x_wconf 87' lang='lat' dir='ltr'><strong>iudicium.</strong></span> <span class='ocrx_word' id='word_1_218' title='bbox 935 2443 1023 2498; x_wconf 91' lang='lat' dir='ltr'><strong>porro</strong></span> <span class='ocrx_word' id='word_1_219' title='bbox 1052 2427 1088 2481; x_wconf 90' lang='lat' dir='ltr'><strong>nt</strong></span> 
     </span>
     <span class='ocr_line' id='line_1_27' title="bbox 83 2510 1087 2590; baseline 0.001 -20"><span class='ocrx_word' id='word_1_220' title='bbox 83 2510 242 2589; x_wconf 87' lang='lat' dir='ltr'><strong>frequenter</strong></span> <span class='ocrx_word' id='word_1_221' title='bbox 273 2515 388 2588; x_wconf 86' lang='lat' dir='ltr'><strong>experti</strong></span> <span class='ocrx_word' id='word_1_222' title='bbox 415 2533 528 2588; x_wconf 90' lang='lat' dir='ltr'><strong>sumus,</strong></span> <span class='ocrx_word' id='word_1_223' title='bbox 559 2515 656 2572; x_wconf 88' lang='lat' dir='ltr'><strong>minus</strong></span> <span class='ocrx_word' id='word_1_224' title='bbox 685 2513 786 2572; x_wconf 87' lang='lat' dir='ltr'><strong>adficit</strong></span> <span class='ocrx_word' id='word_1_225' title='bbox 813 2532 917 2572; x_wconf 92' lang='lat' dir='ltr'><strong>sensus</strong></span> <span class='ocrx_word' id='word_1_226' title='bbox 947 2513 1087 2590; x_wconf 85' lang='lat' dir='ltr'><strong>fatigatio</strong></span> 
     </span>
     <span class='ocr_line' id='line_1_28' title="bbox 82 2603 339 2680; baseline -0.004 -19"><span class='ocrx_word' id='word_1_227' title='bbox 82 2619 161 2676; x_wconf 85' lang='lat' dir='ltr'><strong>quam</strong></span> <span class='ocrx_word' id='word_1_228' title='bbox 185 2603 339 2680; x_wconf 83' lang='lat' dir='ltr'><strong>cogitatio.</strong></span> 
     </span>
     <span class='ocr_line' id='line_1_29' title="bbox 138 2691 1140 2767; baseline -0.001 -16"><span class='ocrx_word' id='word_1_229' title='bbox 138 2692 197 2751; x_wconf 82' lang='lat' dir='ltr'><strong>Sed</strong></span> <span class='ocrx_word' id='word_1_230' title='bbox 221 2710 258 2750; x_wconf 91' lang='lat' dir='ltr'><strong>ne</strong></span> <span class='ocrx_word' id='word_1_231' title='bbox 281 2691 424 2766; x_wconf 87' lang='lat' dir='ltr'><strong>temporis</strong></span> <span class='ocrx_word' id='word_1_232' title='bbox 448 2691 567 2766; x_wconf 90' lang='lat' dir='ltr'><strong>quidem</strong></span> <span class='ocrx_word' id='word_1_233' title='bbox 591 2711 733 2766; x_wconf 85' lang='lat' dir='ltr'><strong>umquam</strong></span> <span class='ocrx_word' id='word_1_234' title='bbox 757 2692 825 2767; x_wconf 89' lang='lat' dir='ltr'><strong>plus</strong></span> <span class='ocrx_word' id='word_1_235' title='bbox 849 2691 919 2766; x_wconf 89' lang='lat' dir='ltr'><strong>erit,</strong></span> <span class='ocrx_word' id='word_1_236' title='bbox 946 2693 1019 2766; x_wconf 88' lang='lat' dir='ltr'><strong>quia</strong></span> <span class='ocrx_word' id='word_1_237' title='bbox 1040 2691 1087 2749; x_wconf 85' lang='lat' dir='ltr'><strong>his</strong></span> <span class='ocrx_word' id='word_1_238' title='bbox 1102 2696 1140 2751; x_wconf 79' lang='lat'><strong>12</strong></span> 
     </span>
     <span class='ocr_line' id='line_1_30' title="bbox 79 2779 1087 2854; baseline -0.001 -16"><span class='ocrx_word' id='word_1_239' title='bbox 79 2781 222 2840; x_wconf 78' lang='grc'>1111111111</span> <span class='ocrx_word' id='word_1_240' title='bbox 247 2781 343 2839; x_wconf 85' lang='lat' dir='ltr'><strong>omnis</strong></span> <span class='ocrx_word' id='word_1_241' title='bbox 365 2782 397 2838; x_wconf 90' lang='lat' dir='ltr'><strong>in</strong></span> <span class='ocrx_word' id='word_1_242' title='bbox 421 2781 568 2839; x_wconf 86' lang='lat' dir='ltr'><strong>audiendo</strong></span> <span class='ocrx_word' id='word_1_243' title='bbox 591 2782 741 2854; x_wconf 84' lang='lat' dir='ltr'><strong>profectus</strong></span> <span class='ocrx_word' id='word_1_244' title='bbox 765 2783 817 2838; x_wconf 92' lang='lat' dir='ltr'><strong>est.</strong></span> <span class='ocrx_word' id='word_1_245' title='bbox 843 2799 908 2838; x_wconf 92' lang='lat' dir='ltr'><strong>cum</strong></span> <span class='ocrx_word' id='word_1_246' title='bbox 927 2779 965 2837; x_wconf 88' lang='lat' dir='ltr'><strong>ad</strong></span> <span class='ocrx_word' id='word_1_247' title='bbox 984 2779 1087 2838; x_wconf 89' lang='lat' dir='ltr'><strong>stilum</strong></span> 
     </span>
     <span class='ocr_line' id='line_1_31' title="bbox 47 2868 1087 2946; baseline 0 -21"><span class='ocrx_word' id='word_1_248' title='bbox 47 2869 195 2944; x_wconf 81' lang='lat' dir='ltr'><strong>useoedet,</strong></span> <span class='ocrx_word' id='word_1_249' title='bbox 220 2887 288 2927; x_wconf 89' lang='lat' dir='ltr'><strong>cum</strong></span> <span class='ocrx_word' id='word_1_250' title='bbox 311 2869 465 2946; x_wconf 84' lang='lat' dir='ltr'><strong>generabit</strong></span> <span class='ocrx_word' id='word_1_251' title='bbox 487 2869 551 2945; x_wconf 89' lang='lat' dir='ltr'><strong>ipse</strong></span> <span class='ocrx_word' id='word_1_252' title='bbox 576 2868 691 2945; x_wconf 88' lang='lat' dir='ltr'><strong>aliquid</strong></span> <span class='ocrx_word' id='word_1_253' title='bbox 713 2872 804 2943; x_wconf 87' lang='lat' dir='ltr'><strong>atque</strong></span> <span class='ocrx_word' id='word_1_254' title='bbox 827 2870 992 2943; x_wconf 84' lang='lat' dir='ltr'><strong>componet,</strong></span> <span class='ocrx_word' id='word_1_255' title='bbox 1022 2871 1087 2926; x_wconf 90' lang='lat' dir='ltr'><strong>tum</strong></span> 
     </span>
     <span class='ocr_line' id='line_1_32' title="bbox 75 2957 1140 3034; baseline 0.002 -18"><span class='ocrx_word' id='word_1_256' title='bbox 75 2957 210 3017; x_wconf 81' lang='lat' dir='ltr'><strong>incohare</strong></span> <span class='ocrx_word' id='word_1_257' title='bbox 234 2959 307 3016; x_wconf 87' lang='lat' dir='ltr'><strong>baec</strong></span> <span class='ocrx_word' id='word_1_258' title='bbox 330 2958 430 3017; x_wconf 86' lang='lat' dir='ltr'><strong>studia</strong></span> <span class='ocrx_word' id='word_1_259' title='bbox 452 2959 500 3017; x_wconf 83' lang='lat' dir='ltr'><strong>vel</strong></span> <span class='ocrx_word' id='word_1_260' title='bbox 523 2977 583 3017; x_wconf 92' lang='lat' dir='ltr'><strong>non</strong></span> <span class='ocrx_word' id='word_1_261' title='bbox 606 2959 726 3016; x_wconf 87' lang='lat' dir='ltr'><strong>vacabit</strong></span> <span class='ocrx_word' id='word_1_262' title='bbox 748 2959 796 3016; x_wconf 85' lang='lat' dir='ltr'><strong>vel</strong></span> <span class='ocrx_word' id='word_1_263' title='bbox 809 2977 869 3015; x_wconf 91' lang='lat' dir='ltr'><strong>non</strong></span> <span class='ocrx_word' id='word_1_264' title='bbox 883 2957 997 3015; x_wconf 89' lang='lat' dir='ltr'><strong>libebit.</strong></span> <span class='ocrx_word' id='word_1_265' title='bbox 1016 2975 1086 3034; x_wconf 87' lang='lat' dir='ltr'><strong>ergo</strong></span> <span class='ocrx_word' id='word_1_266' title='bbox 1103 2962 1140 3018; x_wconf 79' lang='grc'><strong>11</strong></span> 
     </span>
     <span class='ocr_line' id='line_1_33' title="bbox 74 3046 1087 3125; baseline -0.003 -19"><span class='ocrx_word' id='word_1_267' title='bbox 74 3065 137 3106; x_wconf 86' lang='lat' dir='ltr'><strong>cnm</strong></span> <span class='ocrx_word' id='word_1_268' title='bbox 168 3049 383 3125; x_wconf 82' lang='lat' dir='ltr'><strong>grammaticus</strong></span> <span class='ocrx_word' id='word_1_269' title='bbox 412 3049 510 3106; x_wconf 89' lang='lat' dir='ltr'><strong>totum</strong></span> <span class='ocrx_word' id='word_1_270' title='bbox 540 3065 684 3121; x_wconf 86' lang='lat' dir='ltr'><strong>occupare</strong></span> <span class='ocrx_word' id='word_1_271' title='bbox 715 3046 793 3105; x_wconf 88' lang='lat' dir='ltr'><strong>diem</strong></span> <span class='ocrx_word' id='word_1_272' title='bbox 824 3066 883 3104; x_wconf 93' lang='lat' dir='ltr'><strong>non</strong></span> <span class='ocrx_word' id='word_1_273' title='bbox 913 3047 1008 3121; x_wconf 88' lang='lat' dir='ltr'><strong>possit</strong></span> <span class='ocrx_word' id='word_1_274' title='bbox 1033 3064 1087 3104; x_wconf 89' lang='lat' dir='ltr'><strong>nec</strong></span> 
     </span>
     <span class='ocr_line' id='line_1_34' title="bbox 74 3132 1086 3210; baseline 0 -18"><span class='ocrx_word' id='word_1_275' title='bbox 74 3135 187 3209; x_wconf 83' lang='lat' dir='ltr'><strong>debeat,</strong></span> <span class='ocrx_word' id='word_1_276' title='bbox 210 3155 249 3194; x_wconf 89' lang='lat' dir='ltr'><strong>ne</strong></span> <span class='ocrx_word' id='word_1_277' title='bbox 272 3136 412 3195; x_wconf 87' lang='lat' dir='ltr'><strong>discentis</strong></span> <span class='ocrx_word' id='word_1_278' title='bbox 436 3138 567 3194; x_wconf 84' lang='lat' dir='ltr'><strong>animum</strong></span> <span class='ocrx_word' id='word_1_279' title='bbox 591 3136 690 3194; x_wconf 89' lang='lat' dir='ltr'><strong>taedio</strong></span> <span class='ocrx_word' id='word_1_280' title='bbox 715 3137 839 3209; x_wconf 87' lang='lat' dir='ltr'><strong>avertat,</strong></span> <span class='ocrx_word' id='word_1_281' title='bbox 864 3135 971 3210; x_wconf 90' lang='lat' dir='ltr'><strong>quibus</strong></span> <span class='ocrx_word' id='word_1_282' title='bbox 985 3132 1086 3209; x_wconf 90' lang='lat' dir='ltr'><strong>potius</strong></span> 
     </span>
     <span class='ocr_line' id='line_1_35' title="bbox 73 3221 1140 3299; baseline -0.001 -16"><span class='ocrx_word' id='word_1_283' title='bbox 73 3225 178 3284; x_wconf 87' lang='lat' dir='ltr'><strong>studiis</strong></span> <span class='ocrx_word' id='word_1_284' title='bbox 207 3225 281 3283; x_wconf 89' lang='lat' dir='ltr'><strong>baec</strong></span> <span class='ocrx_word' id='word_1_285' title='bbox 310 3228 478 3299; x_wconf 89' lang='lat' dir='ltr'><strong>temporum</strong></span> <span class='ocrx_word' id='word_1_286' title='bbox 501 3226 584 3283; x_wconf 83' lang='lat' dir='ltr'><strong>velut</strong></span> <span class='ocrx_word' id='word_1_287' title='bbox 612 3225 760 3283; x_wconf 81' lang='lat' dir='ltr'><strong>subsiciva</strong></span> <span class='ocrx_word' id='word_1_288' title='bbox 788 3221 984 3283; x_wconf 85' lang='lat' dir='ltr'><strong>donabimus?</strong></span> <span class='ocrx_word' id='word_1_289' title='bbox 1017 3242 1086 3281; x_wconf 92' lang='lat' dir='ltr'><strong>nam</strong></span> <span class='ocrx_word' id='word_1_290' title='bbox 1103 3227 1140 3282; x_wconf 81' lang='lat'><strong>14</strong></span> 
     </span>
    </p>
   </div>
   <div class='ocr_carea' id='block_1_3' title="bbox 72 3429 987 3560">
    <p class='ocr_par' dir='ltr' id='par_1_3' title="bbox 72 3429 987 3560">
     <span class='ocr_line' id='line_1_36' title="bbox 143 3429 987 3499; baseline -0.004 -17"><span class='ocrx_word' id='word_1_291' title='bbox 143 3434 160 3482; x_wconf 85' lang='grc'>4</span> <span class='ocrx_word' id='word_1_292' title='bbox 178 3447 264 3499; x_wconf 82' lang='lat' dir='ltr'><strong>quem</strong></span> <span class='ocrx_word' id='word_1_293' title='bbox 283 3447 371 3482; x_wconf 90' lang='lat' dir='ltr'><strong>unum</strong></span> <span class='ocrx_word' id='word_1_294' title='bbox 391 3429 439 3482; x_wconf 89' lang='lat' dir='ltr'><strong>diu</strong></span> <span class='ocrx_word' id='word_1_295' title='bbox 459 3430 591 3484; x_wconf 72' lang='lat' dir='ltr'><strong>Kiderlin</strong></span> <span class='ocrx_word' id='word_1_296' title='bbox 691 3435 724 3484; x_wconf 75' lang='lat'><strong>20</strong></span> <span class='ocrx_word' id='word_1_297' title='bbox 744 3446 775 3486; x_wconf 85' lang='lat' dir='ltr'><strong>se</strong></span> <span class='ocrx_word' id='word_1_298' title='bbox 798 3439 862 3485; x_wconf 68' lang='lat'>131¹:</span> <span class='ocrx_word' id='word_1_299' title='bbox 880 3443 944 3483; x_wconf 81' lang='lat' dir='ltr'><strong>sese</strong></span> <span class='ocrx_word' id='word_1_300' title='bbox 964 3437 987 3479; x_wconf 74' lang='lat' dir='ltr'>A</span> 
     </span>
     <span class='ocr_line' id='line_1_37' title="bbox 72 3501 568 3560; baseline 0.012 -6"><span class='ocrx_word' id='word_1_301' title='bbox 72 3507 108 3554; x_wconf 78' lang='grc'><strong>11</strong></span> <span class='ocrx_word' id='word_1_302' title='bbox 126 3501 295 3556; x_wconf 72' lang='grc'>1111111111</span> <span class='ocrx_word' id='word_1_303' title='bbox 397 3502 519 3558; x_wconf 82' lang='grc'>1011111</span> <span class='ocrx_word' id='word_1_304' title='bbox 539 3513 568 3560; x_wconf 80' lang='grc' dir='ltr'><em>Β</em></span> 
     </span>
    </p>
   </div>
   <div class='ocr_carea' id='block_1_4' title="bbox 0 0 1224 3832">
    <p class='ocr_par' dir='ltr' id='par_1_4' title="bbox 0 0 1224 3832">
     <span class='ocr_line' id='line_1_38' title="bbox 0 0 1224 3832; baseline 0 0"><span class='ocrx_word' id='word_1_305' title='bbox 0 0 1224 3832; x_wconf 95' lang='lat' dir='ltr'><strong> </strong></span> 
     </span>
    </p>
   </div>
  </div>
 </body>
</html>
