2460 3854
432 137 452 192 Ι.
483 143 507 203 5,
527 143 640 191 cs-ra.
670 143 792 205 e‚1-a.
1080 136 1123 201 39

105 307 258 383 copulatio
290 307 349 365 ista
381 307 556 382 corrumpit:
584 307 653 365 iude
681 301 819 365 ‘abstulit
847 307 968 384 aufugit
1000 301 1124 383 amisit,

104 415 172 455 cum
203 396 386 471 praeposit-io
417 396 457 453 sit
488 389 549 453 ‘ab'
579 397 651 471 sola,
684 398 714 454 et
745 389 839 469 ‘coit',
871 414 939 454 cum
970 397 1010 453 sit
1038 413 1123 470 prae-

103 485 216 560 positio
240 478 327 543 ‘con'.
364 486 407 544 sic
431 478 556 560 ‘ignavi'
581 487 611 542 et
638 478 831 560 ‘erepublica’
859 487 891 542 et
919 485 1038 543 similia.
1072 485 1124 543 sed
1141 484 1177 539 111

102 592 150 633 res
177 575 245 632 tota
272 575 368 650 magis
393 571 519 632 Graecos
543 573 635 647 decet,
665 572 750 632 uobis
773 575 871 632 minus
895 573 1040 632 succedit:
1069 592 1124 632 uec

78 663 134 722 sid
162 662 228 721 fieri
257 665 365 721 natura
391 665 479 738 puto,
511 662 562 721 sed
590 662 695 721 alienis
723 664 870 739 favemus,
899 662 1027 737 ideoque
1055 680 1123 720 cum

101 751 288 830 κυρταύχενα
324 752 427 810 mirati
464 754 569 825 simus,
607 745 892 810 ‘incurvicervicum'
926 750 977 810 vix
1011 770 1030 809 a
1060 752 1123 809 risu
1148 760 1154 829 1

101 840 297 900 defendimus.
1148 840 1152 866 ²

169 929 323 1005 Propria
342 932 411 987 sunt
429 929 528 1003 verba,
548 947 615 987 cum
632 929 665 986 id
683 923 862 1007 significant,
880 931 912 985 in
931 929 1010 1003 quod
1024 930 1121 1004 primo
1138 927 1173 983 21

102 1018 297 1077 denominata
319 1021 402 1093 sunt,
429 1017 626 1093 translata,
650 1036 717 1076 oum
740 1017 835 1076 alium
857 1019 966 1076 natura
989 1017 1121 1077 intellec·

64 1111 176 1183 retum,
201 1109 295 1166 alium
317 1107 382 1167 loco
406 1107 557 1182 praebent.
594 1107 745 1166 usitatis
768 1109 863 1165 tutius
886 1107 1007 1180 utimur,
1030 1124 1121 1165 nova

101 1215 162 1257 non
185 1199 249 1256 sine
273 1196 402 1272 quodam
423 1197 556 1272 periculo
578 1196 727 1273 fingimus.
759 1216 830 1253 nam
852 1197 879 1255 si
901 1198 1020 1271 recepta
1042 1198 1121 1269 sunt,

100 1285 251 1344 modicam
283 1285 403 1345 laudem
436 1285 574 1344 adferunt
607 1286 744 1359 orationi,
774 1284 933 1360 repudiata
966 1286 1055 1343 etiam
1089 1286 1120 1342 in

99 1377 183 1435 iocos
212 1378 330 1434 exeunt.
371 1374 542 1432 audendum
568 1378 682 1433 tamen:
714 1393 852 1448 namque,
881 1377 914 1432 ut
938 1371 1040 1432 Cicero
1068 1373 1120 1448 ait,
1137 1376 1173 1435 12

101 1465 196 1522 etiam
226 1482 303 1540 quae
331 1465 429 1539 primo
457 1463 532 1521 dura
559 1465 625 1522 visa
653 1467 731 1537 sunt,
760 1482 817 1521 usu
844 1462 1027 1520 molliuntur.
1069 1462 1120 1522 sed

63 1573 86 1613 15
100 1555 225 1612 minime
247 1553 332 1612 nobis
356 1571 494 1611 concessa
517 1556 563 1611 est
585 1548 802 1628 ὀνοματοποιία.
843 1553 908 1627 quis
932 1551 1011 1609 enim
1034 1552 1120 1626 ferat,

101 1644 127 1700 si
160 1641 234 1718 quid
266 1642 362 1701 simile
394 1642 456 1700 illis
488 1643 595 1699 merito
627 1641 759 1700 laudatis
787 1637 863 1720 λίγξε
892 1638 956 1716 βιός
984 1644 1014 1699 et
1042 1640 1119 1712 σίζεν

101 1726 261 1808 ὀφθαλμός
283 1731 393 1809 fingere
417 1729 599 1789 audeamus?
630 1733 691 1788 iarn
714 1750 750 1788 ne
775 1724 899 1789 ‘balare'
924 1729 1044 1805 quidem
1067 1732 1120 1787 aut

101 1814 245 1879 ‘hinnire'
273 1819 393 1880 fortiter
423 1819 594 1894 diceremus,
624 1821 684 1878 nisi
712 1820 823 1878 iudicio
852 1819 1013 1879 vetustatis
1042 1819 1118 1876 nite·

99 1912 213 1968 rentur.

63 2019 86 2058 ro
167 1998 220 2056 Vl.
243 1999 299 2057 Est
322 2001 412 2058 etiam
431 2018 485 2058 sua
503 1998 736 2074 loquentibus
755 1997 933 2070 observati0,
957 2015 1011 2054 sua
1030 1997 1150 2056 scri-1

98 2088 278 2146 bentibus.
303 2106 398 2147 sermo
413 2091 531 2147 constat
543 2088 669 2160 ratione,
679 2089 836 2161 vetustate,
852 2087 1040 2158 auctoritate,
1050 2103 1118 2143 oon-

98 2177 265 2237 suetudine.
293 2177 439 2236 rationem
462 2178 598 2252 praestat
619 2178 778 2252 praecipue
802 2175 950 2252 analogia,
972 2193 1117 2232 nonnum-

99 2285 193 2342 quam
216 2269 247 2324 et
270 2266 461 2343 etymologia.
497 2268 600 2324 vetera
622 2267 764 2324 maiestas
787 2263 933 2339 quaedam
956 2265 995 2336 et,
1017 2267 1053 2321 ut
1074 2265 1117 2322 sic

98 2355 235 2428 dixerim,
258 2355 365 2432 religio
389 2355 584 2413 commendat
626 2356 789 2413 auctoritas
818 2353 855 2411 ab
878 2351 1045 2411 oratoribus
1069 2352 1150 2412 vell

59 2465 83 2505 rs
97 2445 252 2504 historicis
274 2447 337 2519 peti
360 2445 444 2504 solet.
472 2463 543 2502 nam
565 2446 669 2519 poetas
692 2443 780 2501 metri
803 2441 964 2501 necessitas
988 2445 1117 2515 excusat,

96 2536 159 2592 nisi
189 2533 215 2593 si
245 2534 363 2608 quando
391 2533 467 2591 nihil
493 2533 675 2609 impediente
702 2532 734 2589 in
761 2534 887 2607 utroque
915 2530 1116 2590 modulatione

94 2622 210 2699 pedum
232 2623 361 2681 alterum
384 2623 510 2695 malunt,
533 2623 636 2698 qualia
659 2625 729 2680 sunt

191 2706 262 2771 ‘imo
286 2711 322 2770 de
346 2711 439 2787 stirpe
461 2707 600 2770 recisum'

96 2804 129 2861 et
191 2796 300 2859 ‘adriae
324 2819 382 2876 quo
406 2818 578 2878 congessere
600 2795 766 2875 palumbes'

52 2912 81 2952 so
96 2895 128 2949 et
190 2885 284 2948 ‘silice
310 2892 342 2948 in
369 2884 461 2948 nuda'
491 2891 522 2947 et
548 2889 672 2947 similia:
700 2909 766 2947 cum
794 2906 977 2946 summorum
1000 2888 1032 2945 in
1055 2888 1115 2946 elo·

97 2978 224 3055 quentia
241 2981 374 3038 virorum
392 2978 536 3039 iudicium
554 2997 608 3054 pro
627 2979 751 3051 ratione,
770 2980 800 3036 et
819 2977 865 3035 vel
880 2995 962 3035 error
974 2976 1115 3036 honestus

173 3154 206 3202 13
225 3148 338 3202 Denat.
355 3149 429 3202 deor.
447 3154 470 3213 1,
491 3154 533 3215 34,
554 3155 587 3202 96
607 3181 642 3188 -
662 3154 695 3201 16
715 3147 882 3211 Ηοω,Π.1,
900 3144 1113 3214 125-Οι1γεε.

97 3227 123 3286 9,
144 3225 197 3274 394
226 3252 259 3260 —
289 3220 647 3289 28Verg.Aen.12,208
677 3253 711 3259 -
740 3225 773 3272 29
792 3218 875 3287 Verg.
897 3216 954 3270 sel.
975 3222 999 3282 3,
1019 3221 1052 3270 69
1080 3247 1114 3256 -
1200 3230 1201 3233 ’

96 3299 132 3346 30
152 3292 191 3346 ib.
212 3298 235 3356 1,
257 3299 290 3346 15

170 3460 186 3507 1
205 3451 348 3522 copulatio
366 3462 433 3506 BP:
453 3450 619 3519 compositio
638 3461 660 3502 Α
739 3456 771 3502 12
792 3448 815 3501 si
833 3448 983 3517 repudiata
1003 3456 1042 3497 At

96 3531 129 3580 17
149 3525 221 3593 iam]
238 3540 302 3576 ram
322 3524 461 3595 Spaldr'nq
478 3522 538 3592 efl
556 3528 582 3589 6,
603 3528 636 3577 42
711 3527 750 3576 nt
765 3520 908 3592 religiosa
927 3529 952 3573 A
