2460 3854
471 147 492 201 Ι.
520 153 545 214 o,
566 153 679 200 rr-ao.
1042 145 1087 208 43

58 320 176 378 sarium
202 337 293 392 quam
315 319 396 376 recta
419 314 551 375 locutio?
573 319 665 374 immo
688 316 900 374 inhaerendum
925 318 953 374 ei
976 315 1084 388 iudico,

58 407 164 485 quoad
197 408 284 480 licet,
322 407 373 464 diu
410 409 500 464 etiam
538 406 724 465 mutantibus
756 405 996 483 repugnandum:
1034 404 1086 464 sed

59 498 182 556 abolita
209 498 300 571 atque
328 496 473 574 abrogata
499 498 628 554 retinere
656 494 832 554 insolentiae
862 493 1016 554 cuiusdam
1041 497 1086 553 est

37 592 91 646 -et
114 587 245 644 frivolae
273 585 305 643 in
332 587 433 661 parvis
455 586 627 643 iactantiae.
668 585 797 642 multum
821 586 901 642 enim
922 583 1084 657 litteratus,
1101 585 1138 640 21

35 678 117 752 sqni
141 677 207 734 sine
228 675 410 749 aspiratione
433 676 464 732 et
486 672 632 749 producta
655 673 784 731 secunda
807 674 924 748 syllaba
945 673 1087 731 salutarit

60 757 194 846 (avere
216 766 260 823 est
279 755 381 844 enim),
400 766 431 821 et
450 757 634 822 ‘calefacere'
655 763 764 820 dixerit
781 765 882 838 potius
902 782 992 837 quarn
1008 761 1087 836 quod

58 854 192 912 dicimus
221 855 252 912 et
275 847 529 926 ‘conservavisse’,
558 852 604 911 his
632 852 744 910 adiciat
773 847 860 910 ‘face'
890 853 921 909 et
944 846 1031 909 ‘dice'
1057 853 1087 909 et

59 943 186 1003 similia.
227 944 310 1001 recta
338 943 384 1000 est
409 941 483 1000 haec
505 943 568 1000 via:
601 943 668 1017 quis
691 938 802 1017 negat?
840 940 891 1000 sed
914 940 1031 999 adiacet
1054 942 1085 998 et
1101 943 1140 998 22

59 1032 187 1090 mollior
210 1034 241 1090 et
263 1033 359 1108 magis
381 1031 463 1090 trita.
496 1049 550 1107 ego
573 1033 675 1089 tamen
698 1050 758 1089 non
782 1031 842 1088 alio
864 1031 962 1106 magis
986 1048 1087 1107 angor,

24 1142 47 1180 ro
62 1140 160 1197 quam
190 1120 269 1196 quod
296 1120 424 1196 obliquis
453 1119 570 1179 casibus
598 1120 680 1178 ducti
704 1119 795 1184 etiam
818 1119 930 1194 primas
954 1118 1012 1176 sibi
1034 1137 1087 1193 po-

61 1212 190 1268 sitiones
209 1229 270 1268 non
287 1211 430 1283 invenire,
449 1208 501 1268 sed
518 1211 635 1267 mutare
652 1210 840 1284 permittunt,
859 1210 894 1265 ut
908 1226 976 1265 cum
991 1202 1086 1265 ‘ebur'

61 1303 95 1358 et
120 1293 245 1372 ‘robur'‚
271 1300 316 1357 ita
344 1298 424 1358 dicta
453 1317 488 1356 ac
515 1299 628 1373 scripta
655 1299 778 1357 summis
807 1296 986 1371 auctoribus,
1014 1297 1045 1353 in
1069 1315 1087 1354 o

61 1389 203 1447 litteram
230 1387 374 1446 secundae
403 1387 537 1463 syllabae
564 1388 758 1460 transferunt,
789 1388 862 1461 quia
884 1388 925 1445 sit
948 1381 1086 1444 ‘roboris'
1207 1391 1209 1396 '

63 1481 96 1537 et
121 1472 254 1552 ‘eboris',
278 1472 404 1552 ‘sulpur'
425 1480 526 1535 autem
548 1480 579 1535 et
598 1470 725 1554 ‘guttur’
744 1496 765 1533 u
787 1476 921 1533 litteram
944 1476 976 1532 in
1000 1494 1088 1549 gene-

22 1587 48 1627 is
63 1569 131 1626 tivo
165 1570 296 1626 servent:
332 1567 459 1641 ideoque
492 1561 595 1624 ‘iecur'
629 1568 721 1624 etiarn
754 1568 784 1622 et
818 1560 935 1623 ‘femur’
970 1566 1088 1622 contro-

63 1657 198 1716 versiam
219 1657 361 1714 fecerunt.
400 1655 479 1731 quod
502 1674 562 1712 non
584 1655 682 1713 minus
706 1657 751 1713 est
773 1653 972 1727 licentiosum,
995 1671 1086 1728 quam
1102 1659 1141 1714 23

64 1746 91 1804 si
118 1740 257 1821 ‘sulpuri'
282 1748 312 1802 et
336 1740 474 1822 ‘gutturi’
500 1743 667 1802 subicerent
694 1745 726 1801 in
750 1745 888 1820 genetivo
912 1742 1047 1801 litteram
1071 1761 1087 1800 o

63 1834 208 1906 mediam,
236 1835 308 1909 quia
335 1837 412 1893 esset
441 1829 560 1892 ‘eboris’
591 1836 621 1891 et
649 1828 801 1892 ‘roboris't
838 1834 915 1891 sicut
938 1830 1088 1890 Antonius

65 1922 199 2000 Gnipho,
226 1925 279 1999 qui
303 1918 414 1981 ‘robur’
439 1923 561 1999 quidem
589 1925 619 1980 et
647 1917 742 1980 ‘ebur'
767 1924 858 1996 atque
882 1922 974 1979 etiam
999 1916 1088 1977 ‘mar-

21 2030 50 2074 so
64 2008 146 2072 mur'
171 2013 285 2071 fatetur
312 2031 383 2088 esse,
413 2031 516 2071 verum
544 2011 608 2069 fieri
635 2011 701 2069 vult
725 2031 760 2069 ex
782 2011 828 2070 his
853 2006 956 2069 ‘ebura
979 2008 1089 2067 robura

63 2097 240 2160 marmura'.
273 2102 381 2177 quodsi
403 2100 675 2160 animadverterent
696 2100 868 2158 litterarum
892 2097 1087 2172 adfinitatem,
1104 2103 1143 2159 24

65 2193 180 2250 sonent
207 2193 249 2249 sic
278 2191 314 2249 ab
344 2210 386 2265 eo,
420 2190 499 2266 quod
526 2193 571 2249 est
599 2183 722 2266 ‘robur’,
756 2183 893 2248 ‘roboris'
922 2186 995 2262 fieri,
1028 2206 1088 2263 quo

65 2280 157 2339 modo
180 2280 218 2338 ab
243 2299 287 2354 eo,
310 2280 390 2356 quod
412 2283 458 2339 est
483 2275 579 2338 ‘miles
603 2279 698 2351 limes,
725 2277 832 2336 militis
855 2277 971 2350 limitis,
999 2276 1088 2335 iudex

65 2370 186 2443 vindex,
213 2368 321 2428 iudicis
347 2366 484 2429 vindieis’
515 2370 545 2428 et
572 2386 650 2444 quae
678 2385 768 2442 supra
790 2369 852 2426 iam
875 2367 973 2444 attigi.
1015 2366 1088 2441 quid
1104 2372 1142 2427 25

21 2476 51 2520 aa
66 2477 139 2518 vero
164 2458 252 2533 quod,
275 2461 312 2517 ut
334 2458 477 2533 dicebam,
505 2458 617 2516 similes
640 2457 803 2532 positiones
826 2457 858 2513 in
881 2457 969 2533 longe
993 2454 1089 2515 diver·
1160 2496 1162 2501 >

66 2566 116 2607 sas
147 2547 258 2624 figuras
288 2567 341 2623 per
371 2547 507 2624 obliquos
538 2565 623 2605 casus
653 2543 781 2604 exeunt?
822 2547 857 2603 ut
886 2541 982 2621 ‘virgo
1005 2544 1089 2619 Iuno,

66 2639 153 2696 fusus
176 2637 269 2711 lusus,
292 2639 390 2712 cuspis
413 2631 535 2713 puppis'
560 2639 590 2694 et
613 2635 695 2693 mille
720 2636 794 2694 alia:
817 2654 885 2694 cum
902 2633 976 2691 illud
998 2634 1090 2692 etiam

67 2726 199 2800 accidat,
232 2729 267 2784 ut
299 2726 446 2801 quaedam
476 2725 636 2802 pluraliter
667 2743 726 2782 non
758 2723 909 2797 dicantur,
943 2723 1090 2798 quaedam

67 2817 174 2876 contra
198 2815 345 2892 singulari
367 2835 499 2889 numero,
528 2813 675 2890 quaedam
702 2813 819 2872 casibus
843 2815 973 2887 careant,
1001 2830 1090 2886 quae-

20 2925 52 2966 so
67 2905 141 2964 dam
165 2922 183 2962 a
205 2904 310 2979 primis
334 2907 438 2963 statim
460 2903 658 2980 positionibus
681 2906 747 2961 tota
769 2904 931 2977 mutentur,
954 2904 989 2959 ut
1009 2897 1090 2974 ‘Iup-

66 2988 169 3070 piter’.
194 2992 271 3068 quod
291 2994 389 3052 verbis
410 2993 500 3052 etiam
520 2992 636 3066 accidit,
660 2995 694 3050 ut
713 2991 760 3049 illi
780 2987 874 3066 ‘fero’,
899 2990 983 3049 cuius
1002 3009 1087 3065 prae·
1104 2998 1144 3052 26

67 3083 192 3142 teritum
211 3083 376 3158 perfectum
396 3087 427 3142 et
445 3083 570 3142 ulterius
589 3102 650 3140 non
668 3082 828 3140 invenitur.
855 3098 909 3139 nec
926 3079 1090 3154 plurimum

66 3173 171 3245 refert,
194 3171 278 3229 nulla
301 3173 374 3230 haec
398 3192 435 3230 an
459 3171 607 3248 praedura
631 3173 699 3229 sint.
723 3189 794 3227 nam
817 3170 890 3245 quid
909 3162 1088 3245 ‘progenies'
1188 3217 1189 3222 ,

67 3261 209 3340 genetivo
237 3262 392 3338 singulari,
422 3247 493 3337 quid
520 3261 632 3336 plurali
657 3255 745 3335 ‘spes’
770 3256 880 3317 faciet?
919 3276 977 3331 quo
1001 3257 1090 3315 modo

66 3470 261 3596 tli{Wriecta
279 3477 340 3522 AP:
365 3469 441 3520 certa
459 3475 488 3519 B
564 3471 595 3518 31
620 3465 664 3518 illi
687 3464 746 3518 fero
765 3474 801 3517 A:
826 3462 884 3516 tuli
899 3461 960 3516 tero
983 3471 1007 3514 Β
1030 3462 1096 3514 tero

80 3559 99 3595 u
