2460 3854
502 125 535 180 V.
556 131 598 193 10,
618 132 714 182 1-11.
1050 128 1114 191 251

97 297 249 370 vicinitas,
271 298 372 371 potest
394 295 490 354 videri
512 295 568 354 hoc
591 298 710 355 nomine
724 299 803 354 recte
822 295 939 356 abusus.
963 293 1114 370 ἀπόδειξις
1152 297 1168 351 7

99 387 142 445 est
166 384 289 444 evidens
313 383 460 460 probatio,
492 384 618 459 ideoque
648 384 726 461 apud
759 388 925 462 geometras
953 385 1115 465 γραμμικαὶ

99 471 263 545 ἀποδείξεις
278 474 424 534 dicuntur.
439 474 515 532 hanc
534 477 564 532 et
584 474 620 533 ab
640 473 851 549 epichiremate
867 473 1012 534 Caecilius
1026 477 1116 550 putat

99 562 217 622 differre
246 563 310 622 solo
337 582 444 640 genere
474 563 671 622 conclusionis
699 567 729 622 et
757 581 819 622 esse
847 563 989 640 apodixin
1016 566 1115 640 inper-

80 653 209 711 stectam
233 653 412 727 epichirema
436 652 540 711 eadem
563 670 661 726 causa,
686 671 745 726 qua
768 652 896 713 diximus
924 653 1115 728 enthymema

99 760 115 800 a
137 741 315 819 syllogismo
339 741 463 814 distare;
487 760 557 799 nam
587 744 618 800 et
641 741 822 816 epichirema
849 743 1017 819 syllogismi
1043 762 1114 819 pars

98 834 149 890 est.
175 830 300 905 quidam
326 831 422 889 inesse
451 829 657 905 epichiremati
684 830 827 905 apodixin
854 835 963 907 putant
992 834 1023 891 et
1050 851 1114 892 esse

97 923 215 996 partem
244 921 307 978 eius
337 918 569 978 confirmantem.
601 921 761 995 utrumque
794 922 896 978 autem
928 940 1111 998 quamquam
1147 919 1166 974 8

98 1008 209 1068 diversi
233 1012 369 1067 auctores
392 1007 496 1067 eodem
519 1007 606 1067 modo
630 1007 747 1082 finiunt,
770 1011 805 1066 ut
828 1011 868 1067 sit
890 1011 969 1068 ratio
992 1028 1046 1086 per
1068 1030 1113 1084 aa,

69 1115 174 1173 cquae
199 1100 280 1156 certa
302 1099 381 1171 sunt,
411 1096 501 1156 fidem
524 1096 620 1155 dubiis
649 1097 797 1156 adferens:
827 1116 904 1172 quae
932 1102 1041 1157 natura
1068 1103 1115 1159 est

97 1188 232 1245 omnium
255 1189 508 1262 argumentorum,
531 1204 627 1261 neque
651 1186 730 1244 enim
754 1189 834 1245 certa
866 1188 988 1245 incertis
1016 1187 1113 1247 deela-

96 1278 211 1336 rantur.
248 1275 321 1333 haec
351 1275 451 1334 omnia
484 1275 663 1352 generaliter
694 1275 805 1346 πίστεις
837 1276 1000 1351 appellant,
1034 1278 1114 1352 quod

96 1366 189 1424 etiam
217 1365 245 1423 si
276 1366 398 1440 propria
426 1364 672 1439 interpretatione
700 1364 796 1423 dicere
826 1363 914 1423 fidem
945 1383 1113 1440 possumus,

97 1455 230 1529 apertius
262 1456 363 1513 tamen
395 1452 601 1528 probationem
633 1452 906 1528 interpretabimur.
938 1453 990 1512 sed
1022 1474 1111 1532 argu·
1148 1455 1168 1510 9

59 1561 83 1602 u
96 1545 232 1602 mentum
255 1561 373 1618 quoque
396 1543 485 1618 plura
507 1541 665 1618 significat.
695 1561 766 1600 nam
794 1545 824 1601 et
851 1543 971 1602 fabulae
1000 1544 1038 1602 ad
1066 1563 1113 1604 ao-

95 1635 160 1691 tum
184 1649 359 1690 scaenarum
383 1631 564 1706 compositae
588 1634 764 1709 argumenta
783 1632 934 1706 dicuntur,
955 1636 985 1691 et
1004 1636 1113 1692 oratio-

96 1741 165 1796 nnm
186 1719 337 1779 Ciceronis
351 1720 435 1780 velut
448 1721 549 1779 thema
564 1714 655 1799 [ipse]
672 1723 794 1797 exponit
807 1721 955 1781 Pedianus
971 1716 1113 1801 [inquit]:

98 1805 319 1889 ‘argumentum
342 1810 404 1869 tale
428 1805 494 1883 cst’,
518 1812 548 1868 et
570 1812 633 1884 ipse
659 1808 760 1869 (licere
780 1811 818 1869 ad
837 1811 964 1870 Brutum
983 1813 1028 1870 ita
1042 1812 1112 1871 scri·

95 1899 152 1959 bit:
178 1895 303 1958 ‘veritus
326 1899 453 1958 fortasse
476 1918 513 1957 ne
536 1917 590 1958 nos
617 1901 649 1956 in
675 1898 817 1959 Catonem
849 1903 984 1959 nostrum
1015 1904 1112 1960 trans·

55 1988 240 2048 referremus
262 1988 340 2046 illim
363 1987 487 2063 aliquid,
511 1990 567 2048 etsi
591 1991 800 2066 argumentum
823 1989 920 2048 simile
943 2008 1003 2047 non
1027 1984 1112 2050 erat'.

97 2097 154 2154 quo
178 2080 306 2154 apparet
329 2095 446 2135 omnem
469 2076 507 2134 ad
530 2077 717 2136 scribendum
747 2077 928 2137 destinatam
955 2079 1113 2138 materiam

96 2169 139 2226 ita
167 2167 323 2242 appellari.
356 2184 410 2225 nec
432 2166 551 2240 mirum,
584 2186 650 2225 cum
677 2165 709 2225 id
741 2167 819 2225 inter
847 2167 966 2242 opifices
995 2187 1112 2243 quoque
1127 2168 1167 2223 lo

96 2257 255 2334 vulgatum
278 2257 326 2329 sit,
354 2255 431 2314 unde
455 2255 584 2333 Vergilii
607 2250 831 2333 ‘argumentum
853 2250 979 2334 ingens',
1008 2257 1112 2334 vulgo-

97 2364 151 2420 que
185 2345 277 2421 paulo
309 2344 494 2404 numerosius
527 2363 601 2420 opus
634 2346 744 2403 dicitur
776 2349 1028 2423 argumentosum.
1061 2346 1113 2405 sed

55 2447 173 2494 aenunc
197 2433 233 2492 de
257 2453 291 2492 co
315 2433 472 2492 dicendum
496 2438 673 2511 argumento
697 2437 751 2507 est,
781 2435 861 2510 quod
883 2429 1112 2512 <probationem

96 2525 237 2598 praestat.
272 2521 373 2582 Celsus
407 2519 548 2601 quidem>
579 2523 798 2598 probationem,
830 2523 983 2598 indicium,
1014 2523 1112 2600 fidem,

97 2613 318 2690 adgressionem
342 2611 474 2672 eiusdem
496 2612 541 2670 rei
563 2615 685 2670 nomina
708 2614 795 2687 facit,
828 2633 935 2688 parum
962 2613 1111 2691 distincte,

96 2705 130 2760 ut
154 2702 292 2760 arbitror.
316 2720 386 2759 nam
408 2701 546 2777 probatio
575 2704 605 2760 et
637 2702 709 2760 fides
742 2701 871 2761 efficitur
903 2721 962 2761 non
992 2706 1111 2762 tantum
1126 2701 1162 2756 11

96 2810 148 2866 per
171 2791 255 2864 haec,
277 2809 354 2865 quae
378 2793 448 2850 sunt
470 2792 606 2865 rationis,
631 2792 682 2849 sed
705 2792 796 2849 etiam
819 2809 873 2868 per
899 2791 1111 2852 inartificialia.

56 2894 84 2936 ao
97 2881 214 2958 signum
237 2882 346 2955 autem,
379 2879 457 2955 quod
484 2880 537 2938 ille
564 2880 708 2939 indicium
737 2885 833 2956 vocat,
861 2881 899 2939 ab
928 2885 1112 2958 argumentis

168 3055 183 3103 3
203 3049 256 3119 frg.
272 3048 461 3103 eoBurkh.-
478 3055 510 3102 18
525 3049 668 3120 ep.frg.E.
684 3049 747 3102 VIH
763 3056 777 3102 7
793 3050 830 3105 Μ,
843 3082 874 3089 -
886 3056 920 3104 23
935 3051 1003 3107 Aen.
1020 3058 1044 3119 7,
1060 3058 1110 3106 ‘191

168 3233 184 3281 4
203 3225 398 3296 imperfectam
420 3226 535 3282 Gesner:
554 3227 741 3295 inperfectum
831 3233 863 3282 13
884 3228 968 3283 fidem
986 3240 1022 3284 P:
1049 3231 1112 3298 qui·

96 3300 161 3353 dcm
178 3309 206 3351 B
223 3298 353 3366 equidem
372 3308 394 3350 A
469 3305 501 3352 15
521 3315 631 3366 quoque
651 3331 684 3339 -
705 3305 738 3351 20
758 3303 955 3367 argumentum
973 3317 1017 3356 om
1035 3311 1058 3353 Δ

97 3376 129 3425 17
149 3371 210 3440 ipse
228 3371 280 3425 secl
298 3370 436 3439 Spalding
456 3372 460 3437 Ι
482 3370 575 3437 inquit
597 3372 687 3440 plossa
796 3376 829 3424 23
849 3371 887 3425 sit
906 3383 935 3426 e:
959 3388 1002 3427 om
1020 3383 1115 3441 AM

95 3442 164 3512 (add
187 3442 277 3511 Valla)
295 3442 299 3510 l
314 3440 456 3511 Vergilius
475 3452 514 3494 ao
587 3448 621 3495 25
639 3444 721 3511 suppl
742 3444 855 3497 Meister
873 3445 995 3512 speciosa
1008 3446 1112 3500 coniec-

95 3519 161 3568 tura
234 3517 267 3566 28
286 3511 360 3566 effici
380 3514 458 3568 libri:
476 3530 537 3569 corr
561 3514 643 3570 Valla
715 3519 748 3568 ‘lh
769 3515 830 3570 sint
848 3523 873 3567 a
