2460 3854
352 876 516 950 LIBER
545 877 786 952 TERTIUS.

87 1135 317 1208 [PROOEMIUM
334 1136 384 1190 DII
403 1136 661 1193 SCRIPTORIBUS
678 1138 785 1193 ARTIS
804 1137 1059 1212 andronicum]

126 1253 150 1312 I.
174 1251 324 1321 Quoniam
346 1254 379 1311 in
397 1254 474 1314 libro
493 1255 621 1314 secundo
640 1256 811 1330 quaesitum
830 1258 883 1330 est,
907 1257 979 1332 quid
999 1259 1077 1316 esset
1112 1263 1129 1318 1

64 1342 206 1402 rhetorice
231 1344 351 1417 etquis
379 1342 446 1403 finis
478 1347 550 1420 eius,
583 1347 678 1403 artem
708 1363 826 1419 quoque
857 1363 919 1404 esse
952 1365 1019 1404 eam
1047 1349 1077 1405 et

42 1431 165 1492 sutilem
189 1433 220 1491 et
243 1433 397 1506 virtutem,
419 1437 455 1492 ut
477 1436 555 1493 vires
578 1435 698 1494 nostrae
716 1434 860 1508 tulerunt,
884 1436 1076 1510 ostendimus,

62 1521 277 1596 materiamque
304 1521 331 1579 ei
360 1540 408 1581 res
438 1542 548 1596 omnes,
581 1523 617 1582 de
647 1521 754 1598 quibus
787 1522 884 1582 dicere
916 1529 1076 1600 oporteret,

63 1610 254 1670 subiecimus:
277 1611 339 1668 iam
361 1610 440 1686 hinc,
463 1612 542 1671 unde
565 1613 704 1688 coepent
732 1612 840 1687 quibus
864 1617 988 1688 constet,
1017 1634 1075 1690 quo

63 1717 197 1774 quaeque
219 1699 251 1756 in
276 1718 311 1758 ea
333 1699 421 1759 modo
444 1700 622 1760 invenienda
646 1703 736 1776 atque
758 1702 917 1761 tractanda
936 1704 1005 1776 sint,
1029 1723 1075 1762 ex·

63 1806 177 1864 sequar,
210 1789 291 1846 intra
323 1808 410 1864 quem
447 1790 569 1849 modurn
604 1790 739 1866 plerique
772 1791 930 1866 scriptores
967 1794 1077 1850 artium

33 1895 53 1934 ro
63 1878 268 1950 constiterunt,
291 1876 364 1936 adeo
383 1882 418 1937 ut
432 1878 632 1956 Apollodorus
656 1881 814 1937 contentus
838 1880 909 1938 solis
927 1880 1075 1939 iudIcIali-

62 1965 113 2027 bus
137 1965 239 2024 fuerit.
271 1985 325 2025 nec
348 1984 414 2026 sum
436 1970 568 2046 ignarus
598 1968 654 2028 hoc
678 1987 696 2026 a
719 1988 765 2026 me
795 1968 963 2044 praecipue,
996 1970 1076 2045 quod
1109 1974 1129 2029 2

62 2055 108 2114 hic
131 2055 210 2114 liber
232 2056 363 2129 incohat,
386 2076 462 2133 opus
486 2057 635 2117 studiosos
658 2059 721 2116 eius
746 2057 937 2133 desiderasse,
967 2062 1001 2116 ut
1030 2061 1076 2116 in-

62 2145 223 2221 quisitione
255 2145 442 2221 opinionum,
476 2166 551 2222 quae
583 2146 802 2206 diversissimae
829 2147 961 2221 fuerunt,
988 2148 1076 2224 longe

61 2233 282 2308 difficillimum,
310 2236 356 2292 ita
382 2236 481 2295 nescio
510 2255 550 2295 an
571 2238 712 2294 minimae
742 2235 910 2312 legentibus
940 2237 1076 2295 futurum

31 2336 48 2375 ¹⁵
59 2322 221 2398 voluptati,
250 2323 359 2399 quippe
384 2324 463 2399 quod
485 2344 578 2400 prope
600 2325 712 2383 nudam
734 2327 962 2400 praeceptorum
984 2326 1076 2385 tradi-

58 2413 174 2471 tionem
197 2410 351 2471 desideret.
383 2415 416 2471 in
439 2414 543 2473 ceteris
567 2415 646 2472 enim
674 2414 836 2472 admiscere
863 2417 1076 2490 temptavimus
1108 2420 1130 2474 «⁰»

59 2499 177 2578 aliquid
200 2501 315 2576 nitoris,
346 2521 407 2561 non
438 2503 571 2562 iactandi
599 2505 714 2580 ingenii
743 2502 842 2580 gratia
872 2495 1015 2584 (namque
1043 2508 1076 2563 in

58 2591 89 2649 id
115 2590 189 2667 eligi
212 2591 338 2649 materia
360 2595 479 2667 poterat
501 2586 645 2674 uberior),
668 2593 720 2651 sed
742 2594 777 2650 ut
799 2592 855 2651 hoc
877 2595 942 2668 ipso
967 2594 1075 2653 adlice-

58 2697 160 2739 remus
197 2680 293 2756 magis
325 2681 511 2740 iuventutem
544 2683 582 2741 ad
619 2682 818 2759 cognitionem
856 2701 966 2757 eorum,
999 2703 1075 2759 quae
1190 2696 1192 2701 “

12 2775 43 2819 20
58 2769 230 2827 necessaria
253 2769 359 2830 studiis
378 2770 606 2846 arbitrabamur,
630 2774 656 2830 si
675 2772 757 2829 ducti
770 2771 955 2830 iucunditate
975 2773 1076 2848 aliqua

58 2858 199 2916 lectionis
222 2858 363 2918 libentius
394 2860 540 2919 discerent
570 2880 613 2934 ea,
641 2880 768 2936 quorum
794 2881 831 2918 ne
859 2859 959 2919 ieiuna
987 2865 1076 2938 atque

58 2946 148 3006 arida
170 2945 294 3006 traditio
318 2953 465 3008 averteret
494 2950 608 3008 animos
637 2952 668 3007 et
696 2968 781 3008 aures
809 2951 987 3024 praesertim
1014 2954 1076 3009 tam

58 3036 207 3095 delicatas
239 3035 358 3096 raderet
389 3038 571 3097 verebamur.
616 3056 675 3112 qua
709 3040 825 3097 ratione
858 3057 889 3097 se
922 3038 1076 3099 Lucretius
1111 3040 1132 3097 4

133 3245 168 3294 aa
187 3240 266 3296 auor.
286 3247 312 3310 4,
332 3248 436 3296 11-13
457 3245 486 3298 ot
506 3249 529 3310 1,
551 3247 692 3296 eac-see

57 3381 124 3388 .-.-

133 3442 169 3489 14
185 3436 301 3492 minime
319 3445 382 3492 ΡΝ
449 3443 483 3496 20
502 3438 675 3496 mbiuomux
696 3449 721 3497 B
