2438 3832
151 141 219 204 324
452 138 680 204 QVINTILIANl
697 139 788 194 INST.
809 138 865 193 OR.
977 158 980 162 “

150 312 257 384 minus,
291 312 325 368 ut
353 328 437 369 amor
464 308 573 382 πάθος,
606 311 715 368 caritas
747 298 834 385 ἦθος,
865 308 1017 367 interdum
1050 309 1169 368 diversa

150 399 229 457 inter
252 417 292 472 se,
322 401 399 458 siout
421 401 452 457 in
481 400 619 477 epilogis,
652 417 722 456 nam
755 416 831 472 quae
862 394 963 468 πάθος
995 399 1168 473 concitavit,

152 479 230 564 ἦθος
260 488 336 546 solet
363 488 512 566 mitigare.
540 489 660 563 proprie
691 490 792 546 tamen
819 486 894 545 mihi
920 486 1009 546 huius
1038 487 1168 545 nominis

152 575 342 653 exprimenda
365 580 473 635 natura
505 579 563 650 est,
595 580 741 652 quatenus
774 575 975 651 appellatione
1008 576 1077 651 ipsa
1109 594 1168 634 non

98 665 225 725 1800110
245 665 408 743 significari
431 665 557 724 videtur.
589 657 675 743 ἦθος,
699 665 780 740 quod
803 665 1004 741 intellegimus
1029 664 1167 741 quodque
1192 687 1201 726 s

153 774 171 812 a
194 754 359 812 dicentibus
383 754 593 827 desideramus,
616 753 648 812 id
671 755 737 827 erit,
761 753 841 829 quod
864 757 933 812 ante
958 755 1060 813 omnia
1083 753 1167 812 boni·

152 847 214 901 tate
239 843 502 917 commendabitur,
534 863 594 902 non
621 843 718 902 solum
748 844 821 901 111110
854 861 889 901 ac
920 841 1084 917 placidum,
1117 841 1168 901 sed

151 933 326 1008 plerumque
352 932 497 991 blandum
524 936 554 990 et
582 933 747 990 humanum
770 935 800 989 et
823 931 1014 990 audientibus
1038 932 1168 990 amabile

153 1024 244 1096 atque
267 1021 438 1094 iucundum,
461 1021 491 1078 in
516 1040 576 1096 quo
600 1020 790 1096 exprimendo
810 1039 925 1078 summa
943 1021 1041 1079 virtus
1061 1040 1097 1080 ea
1116 1023 1168 1093 est,

152 1112 186 1168 ut
209 1109 299 1167 fluere
323 1112 423 1168 omnia
446 1129 481 1168 ex
509 1113 617 1168 natura
644 1129 742 1168 rerum
769 1109 980 1184 hominumque
1008 1108 1169 1168 videantur
1181 1131 1202 1171 10

155 1201 246 1273 utque
268 1217 364 1258 mores
395 1199 521 1257 dicentis
550 1218 585 1255 ex
617 1199 751 1257 oratione
779 1199 952 1272 perluceant
979 1200 1009 1256 et
1037 1198 1168 1272 quodam

100 1286 138 1342 14
153 1287 241 1346 modo
266 1292 473 1366 agnoscantur.
498 1287 578 1363 quod
605 1290 650 1346 est
678 1289 741 1345 sine
770 1286 859 1346 dubio
888 1287 966 1345 iuter
994 1289 1168 1346 coniunctas

153 1378 280 1434 maxime
302 1395 452 1451 personas,
477 1378 614 1452 quotiens
638 1378 770 1448 ferimus,
797 1378 989 1452 ignoscimus,
1021 1377 1168 1436 satisfaci-

153 1485 228 1533 mus,
251 1484 413 1539 monemus,
436 1466 540 1540 procul
563 1466 601 1523 ab
624 1467 679 1538 ira,
702 1466 806 1541 procul
830 1464 867 1523 ab
891 1464 967 1523 odio.
992 1464 1043 1522 sed
1068 1469 1167 1523 tamen

153 1555 213 1613 alia
244 1556 339 1629 patris
377 1554 517 1613 adversus
554 1554 662 1628 filium,
694 1557 802 1613 tutoris
835 1553 976 1612 adversus
1008 1555 1168 1629 pupillum,
1182 1576 1203 1616 15

153 1643 256 1701 mariti
279 1643 419 1702 adversus
442 1662 564 1702 uxorem
588 1643 753 1702 moderatio
777 1647 822 1703 est
841 1635 887 1722 (hi
901 1643 980 1700 enim
994 1643 1169 1717 praeferunt

154 1751 256 1790 eorum
280 1734 422 1807 ipsorum,
446 1752 463 1790 a
487 1732 593 1807 quibus
612 1733 779 1804 laeduntur,
803 1733 969 1804 caritatem,
991 1750 1090 1806 neque
1109 1732 1168 1790 alio

154 1820 240 1879 modo
254 1822 366 1879 invisos
385 1840 434 1879 eos
453 1821 577 1894 faciunt,
601 1840 691 1897 quam
710 1820 789 1896 quod
808 1839 907 1898 amare
926 1820 987 1895 ipsi
1004 1813 1168 1901 videntur),

155 1911 224 1983 alia,
252 1928 319 1967 oum
346 1929 434 1969 senex
466 1909 663 1969 adulescentis
696 1910 788 1967 alieni
819 1911 994 1980 convicium,
1027 1909 1168 1969 honestus

154 1998 303 2057 inferioris
331 2000 402 2072 fert,
429 1999 479 2057 hio
506 2001 585 2057 enim
608 2001 727 2057 tantum
750 1999 902 2071 concitari,
924 1998 976 2056 ille
1001 1999 1095 2056 etiam
1118 1997 1168 2056 ad·
1182 2022 1205 2060 10

103 2089 140 2144 15
155 2088 204 2147 fici
227 2088 322 2146 debet.
346 2091 465 2147 suntet
487 2088 541 2146 illa
564 2107 599 2146 ex
621 2086 724 2146 eadem
742 2090 860 2160 natura,
883 2086 934 2145 sed
953 2090 1052 2147 motus
1073 2088 1169 2146 adhuc

154 2179 286 2249 1111110110,
316 2179 435 2235 veniam
461 2180 561 2253 petere
595 2176 823 2249 adulescentiae,
855 2175 1010 2234 defendere
1045 2195 1167 2235 amores.

154 2285 377 2341 nonnumquam
407 2265 498 2324 etiam
529 2267 604 2324 lenis
637 2266 744 2324 caloris
775 2265 865 2323 alieni
898 2263 1011 2323 derisus
1044 2284 1082 2323 ex
1113 2266 1169 2323 hac

154 2356 250 2413 forma
273 2354 364 2428 venit,
387 2355 438 2413 sed
462 2356 487 2413 10
510 2373 569 2413 non
593 2373 628 2412 ex
646 2355 719 2412 ioois
737 2357 866 2412 tantum.
890 2373 992 2413 verum
1011 2355 1168 2429 aliquanto

154 2445 250 2519 magis
273 2445 395 2519 propria
423 2448 492 2502 eunt
515 2445 626 2502 virtute
649 2444 863 2516 simulationes,
891 2441 1096 2501 satisfaciendi
1123 2462 1169 2501 ro·
1183 2464 1205 2503 a

155 2532 247 2610 gaudi
270 2531 412 2611 εἰρωνεία,
436 2552 511 2607 quae
535 2532 684 2591 diversum
707 2533 743 2605 si,
767 2531 845 2607 quod
869 2532 954 2605 dicit,
981 2532 1170 2591 intellectum

104 2621 141 2675 16
156 2623 241 2697 petit.
265 2621 334 2680 hino
358 2622 448 2680 etiam
472 2622 522 2680 ille
545 2623 642 2680 maior
665 2619 703 2679 ad
726 2621 934 2679 concitandum
958 2619 1059 2678 odium
1087 2623 1171 2680 nasci

156 2710 290 2768 adfectus
313 2711 397 2783 solet,
425 2729 492 2769 oum
515 2711 569 2769 hoe
591 2712 667 2786 ipso,
700 2708 780 2784 quod
807 2728 860 2768 nos
888 2708 1067 2768 adversariis
1091 2729 1169 2769 sum·

155 2800 312 2872 mittimus,
334 2799 523 2876 intellegitur
544 2801 639 2858 tacita
656 2801 841 2873 inpotentiae
865 2797 1062 2874 exprobratio.
1086 2819 1169 2858 nam·

157 2907 213 2962 que
237 2905 286 2945 eos
310 2889 409 2963 gravis
434 2892 463 2947 et
485 2888 688 2947 intolerabiles
710 2888 742 2945 id
760 2889 859 2962 ipsum
873 2887 1065 2961 demonstrat,
1090 2887 1170 2965 quod
1183 2908 1207 2948 ao

229 3169 244 3216 5
264 3162 418 3232 significari
437 3162 485 3217 1³²:
515 3164 672 3234 significare
691 3164 832 3216 AOP¹VM
912 3169 944 3216 11
963 3167 1052 3231 utque
1067 3166 1170 3219 Halm:

158 3252 211 3302 que
230 3245 253 3287 A
272 3251 343 3301 quae
365 3244 386 3285 o
405 3251 460 3302 quo
478 3245 550 3288 aPV
564 3252 607 3289 om
626 3244 658 3288 M
746 3240 779 3289 20
798 3235 847 3288 ille
871 3235 1019 3306 Spalding:
1037 3234 1099 3290 illio

158 3312 192 3360 24
211 3306 235 3359 10
253 3323 317 3363 non,
329 3323 362 3359 ex
380 3306 450 3359 iocis
469 3307 569 3360 Halm:
587 3306 631 3359 his
650 3323 707 3359 uon
726 3322 759 3359 ex
778 3306 847 3359 locis
861 3316 909 3358 aa
922 3323 979 3360 11011
993 3305 1037 3360 his
1052 3306 1169 3361 01110010

158 3388 185 3430 Ρ
200 3377 244 3430 his
263 3394 286 3431 e.
306 3376 370 3430 111.
394 3386 455 3429 Vn.
475 3394 497 3430 0.
518 3378 544 3430 h.
564 3377 582 3431 1.
602 3387 634 3431 M
704 3383 737 3431 25
757 3380 822 3431 suot
840 3377 942 3431 virtute
962 3377 1169 3450 simulationes]

150 3453 221 3504 sunt
244 3447 356 3504 virtutis
383 3446 570 3502 simulationis
590 3457 640 3502 ΡΥ
665 3447 719 3501 fuit
746 3449 857 3502 virtutis
886 3448 1060 3503 simulationi
1073 3459 1097 3503 Δ
1115 3450 1171 3503 fuit

142 3521 233 3578 virtue
251 3521 449 3580 simulationis
471 3523 535 3594 (sic)
558 3530 604 3588 M!
