2460 3854
483 121 518 177 v.
539 129 580 192 11,
600 129 714 179 ar-ar.
1041 125 1106 189 279

88 292 179 351 malis
203 310 242 350 an
269 286 384 351 illius?'
407 293 456 350 hie
482 293 590 351 mulier
617 292 749 367 erubuit,
771 294 892 352 merito:
924 293 1003 352 male
1027 295 1106 352 enim
1121 294 1160 350 33

89 380 294 457 responderat,
324 399 355 440 se
372 381 463 440 malle
486 381 619 440 alienum
648 401 755 440 aurum
783 402 874 458 quam
903 400 1003 458 suum,
1034 402 1105 441 nam

91 473 135 528 est
157 469 192 528 id
218 470 387 545 inprobum.
412 473 451 544 at,
470 470 496 530 si
514 471 724 547 respondisset,
747 471 837 529 malle
852 489 882 529 se
897 490 1004 529 aurum
1019 490 1106 530 suum

91 560 149 618 tale
175 577 247 632 esse,
279 559 367 634 quale
389 560 465 618 illud
489 561 575 634 esset,
604 562 752 635 potuisset
780 560 889 634 pudiea
918 561 1104 636 respondere,

68 648 179 707 emalle
201 666 233 707 se
256 649 355 706 virum
377 667 463 707 suum
485 649 578 708 talem
602 667 673 720 esse,
698 649 795 725 qualis
818 648 924 708 melior
948 653 1032 708 esset.

157 735 227 796 Seio
252 737 396 812 quosdam
417 739 502 796 inani
529 737 687 815 diligentia
715 758 770 814 per
799 740 1013 798 minutissimas
1046 739 1105 798 ista
1119 740 1159 796 30

91 826 185 902 partis
210 826 346 900 secuisse,
370 829 400 886 et
423 845 486 886 esse
510 827 626 902 aliquid
647 829 745 886 minus
765 828 871 905 simile,
894 829 928 885 ut
946 829 1034 887 simia
1052 829 1105 887 ho-

92 916 163 974 mini
188 917 220 974 et
241 934 391 974 marmora
411 916 578 976 deformata
601 918 698 992 prima
716 935 817 991 manu,
841 916 956 992 aliquid
974 918 1051 992 plus,
1070 921 1105 975 ut

91 1005 164 1063 illud
189 1000 262 1062 ‘nou
289 1023 380 1064 ovum
407 1007 471 1064 tam
498 1005 595 1064 simile
623 1000 701 1080 ovo',
731 1008 760 1064 et
788 1005 980 1065 dissimilibus
1008 1007 1104 1066 inesse

62 1094 197 1167 resimile,
210 1095 246 1152 ut
263 1093 404 1153 formicae
424 1097 455 1153 et
473 1094 632 1170 elephanto
651 1113 753 1172 genus,
778 1096 849 1170 quia
867 1097 937 1154 sunt
952 1095 1104 1169 animalia,

92 1185 119 1241 et
141 1181 292 1242 similibus
306 1183 460 1256 dissimile,
483 1187 518 1242 ut
537 1178 671 1242 ‘canibus
695 1184 811 1243 catulos
831 1186 861 1243 et
874 1183 1021 1243 matribus
1034 1183 1104 1243 hae·

91 1267 163 1346 dos’,
194 1270 336 1331 differunt
366 1273 444 1330 enim
476 1275 588 1331 aetate:
618 1273 835 1332 contrariorum
865 1291 982 1348 quoque
1015 1273 1104 1331 aliter
1118 1273 1155 1328 31

91 1361 184 1435 aeoipi
208 1363 354 1436 opposita,
377 1364 412 1419 ut
434 1364 552 1420 noctem
573 1361 642 1436 luci,
665 1363 754 1421 aliter
776 1363 875 1436 noxia,
904 1364 939 1420 ut
961 1362 1104 1438 frigidam

90 1449 173 1523 labri,
198 1451 287 1509 aliter
308 1451 516 1528 repugnantia,
540 1453 575 1510 ut
598 1469 702 1510 verum
724 1452 810 1525 falso,
834 1450 922 1509 aliter
941 1451 1103 1527 disparata,

62 1542 122 1597 aut
145 1540 220 1597 dura
244 1558 303 1597 non
327 1539 421 1598 duris:
445 1539 496 1598 sed
519 1540 590 1615 quid
608 1540 682 1599 haec
701 1540 740 1598 ad
757 1558 897 1616 praesens
915 1540 1103 1615 propositum

90 1646 268 1706 magnopere
291 1629 470 1704 pertineant,
493 1647 553 1688 non
575 1631 700 1706 reperio.

153 1717 235 1776 illud
258 1722 304 1776 est
328 1718 530 1776 adnotandum
552 1719 659 1796 magis,
689 1720 866 1796 argumenta
890 1719 958 1778 duci
981 1737 1016 1776 ex
1038 1719 1102 1778 iure
1116 1719 1155 1774 33

88 1807 187 1882 simili,
211 1810 245 1864 ut
264 1804 365 1866 Oioero
389 1809 421 1865 in
436 1806 568 1882 Topicis:
593 1803 681 1880 ‘eum,
705 1809 752 1866 cui
772 1808 875 1866 domus
894 1809 1101 1867 ususfructus

88 1896 208 1954 relictus
223 1897 273 1970 sit,
294 1914 355 1955 non
369 1898 580 1955 restituturum
594 1896 704 1970 heredi,
729 1899 755 1956 si
774 1898 927 1971 corruerit,
952 1899 1022 1972 quia
1042 1916 1102 1955 non

55 1995 76 2039 so
87 1985 228 2044 restituat
252 2003 379 2058 servum,
402 1985 427 2044 si
442 1986 468 2044 is
486 1981 669 2044 decesserit':
694 2005 729 2044 ex
753 1987 915 2045 contrario:
940 1981 1027 2043 ‘nihil
1051 1986 1102 2044 ob-

87 2076 156 2146 stat,
180 2093 239 2149 quo
262 2074 360 2132 minus
373 2075 487 2133 iustum
505 2075 729 2133 matrimonium
747 2077 787 2135 sit
804 2078 903 2134 mente
923 2076 1101 2153 coeuntium,

86 2164 179 2221 etiam
202 2164 228 2222 si
250 2162 371 2222 tabulae
394 2164 530 2240 signatae
549 2183 608 2222 nou
627 2163 751 2237 fuerint,
774 2165 851 2222 nihil
870 2166 950 2223 enim
967 2163 1101 2239 proderit

86 2252 220 2330 signasse
242 2251 371 2327 tabulas,
401 2251 427 2311 si
453 2258 583 2312 mentem
610 2253 796 2313 matrimonii
822 2272 883 2312 non
910 2253 1001 2312 fuisse
1032 2271 1100 2311 oon·

86 2335 190 2400 stabit'
198 2361 205 2399 :
229 2360 265 2398 ex
288 2341 435 2416 dissimili,
458 2343 546 2418 quale
570 2345 615 2402 est
638 2341 787 2402 Oieeronis
810 2361 865 2417 pro
891 2341 1030 2401 Caecina:
1055 2336 1100 2401 ‘ut
1114 2342 1154 2397 33

48 2439 71 2488 2⁵
85 2431 113 2489 si
136 2431 190 2505 qui
211 2450 258 2487 me
282 2433 361 2490 exire
385 2430 471 2490 domo
495 2434 640 2510 coegisset
664 2434 763 2506 armis,
786 2431 925 2490 haberem
944 2432 1101 2508 actionem,

84 2520 111 2578 si
136 2519 188 2594 qui
211 2519 336 2578 introire
359 2520 568 2595 prohibuisset,
592 2542 651 2581 nou
675 2516 846 2580 habereml'
872 2520 1030 2579 dissimilia
1058 2523 1100 2580 sie

84 2607 359 2684 deprehenduntur:
385 2604 464 2684 ‘non,
488 2610 521 2685 si,
545 2613 597 2686 qui
621 2613 778 2685 argentum
801 2629 887 2669 omne
911 2610 1033 2688 legavit,
1056 2611 1100 2669 vi-

83 2697 149 2755 deri
180 2700 280 2772 potest
313 2699 462 2775 signatam
492 2718 610 2774 quoque
645 2699 803 2774 pecuniam
834 2699 999 2774 reliquisse,
1031 2698 1099 2758 ideo

84 2788 187 2863 etiam,
211 2786 289 2861 quod
313 2791 358 2846 est
380 2789 412 2844 in
435 2786 615 2862 nominibus,
639 2788 704 2847 dari
726 2789 856 2848 voluisse
880 2782 1032 2846 creditur’.

48 2893 70 2935 ro
155 2874 326 2954 Analogian
341 2877 464 2952 quidam
483 2895 500 2933 a
519 2877 611 2934 simili
630 2880 852 2952 separaverunt,
875 2895 928 2936 nos
948 2896 1011 2936 eam
1033 2877 1099 2935 sub·
1114 2874 1154 2932 34

83 2966 196 3023 iactam
218 2964 288 3024 huie
311 2968 414 3042 generi
449 2967 598 3040 putamus.
630 2985 701 3024 nam
727 2969 763 3025 ut
798 2987 890 3025 unum
923 2966 961 3024 ad
989 2966 1100 3040 decem,

83 3078 299 3085 —————

157 3140 190 3187 11
209 3133 293 3204 Verg.
312 3134 370 3189 uel.
392 3140 415 3200 1,
435 3139 468 3188 aa
497 3166 531 3174 -
565 3139 632 3189 180
658 3140 683 3202 s,
709 3141 742 3188 15
774 3167 809 3176 -
842 3142 876 3189 24
896 3153 910 3190 c
930 3141 972 3203 12,
999 3141 1033 3189 34
1064 3165 1102 3176 -

83 3211 118 3258 27
140 3204 194 3259 Cic.
215 3205 283 3275 Top.
304 3212 329 3274 3,
350 3212 382 3260 13
403 3208 431 3261 et
450 3212 483 3259 16

156 3371 172 3418 3
191 3365 222 3418 id
240 3366 294 3420 hoe
313 3367 385 3432 libri,
404 3367 436 3420 iri
453 3376 505 3419 ΑΡ
521 3365 582 3433 hoe,
601 3368 633 3421 in
650 3375 695 3430 By
712 3366 744 3420 id
762 3384 870 3422 aarum
889 3373 928 3421 est
1035 3373 1051 3421 8
1071 3369 1099 3421 et

83 3439 203 3508 Regius:
217 3440 246 3491 et
259 3441 292 3491 ut
361 3445 392 3491 13
408 3454 512 3506 aquam
525 3436 659 3507 frigidam
673 3448 740 3491 APu
810 3445 843 3492 14
858 3441 989 3507 separata
1002 3446 1106 3491 APoN

156 3515 189 3562 23
210 3509 244 3562 de
264 3510 346 3564 domo
364 3520 387 3562 A
461 3515 494 3565 28
513 3526 624 3578 quoque
643 3526 686 3564 om
704 3518 732 3563 B
803 3514 837 3563 30
856 3525 876 3563 a
896 3519 973 3562 Pan:
989 3526 1035 3563 om
1056 3519 1104 3560 sn
