2460 3854
460 143 494 199 ν.
514 150 557 212 ιο,
576 150 690 201 14-11,
1017 147 1082 211 257

59 315 197 390 pertinet
219 315 317 388 locus3
339 332 434 390 neque
457 315 537 372 enim
559 314 670 391 ubique
692 315 773 374 idem
795 317 849 386 aut
871 316 942 374 licet
960 318 1015 375 aut
1033 317 1082 375 de-

61 423 167 463 corum
190 406 250 462 est:
273 405 346 478 quin
369 404 460 461 etiem
481 403 514 460 in
538 421 598 477 que
620 403 751 479 quidque
774 406 898 463 civitate
921 408 1083 480 quaeratur

62 495 199 566 interest,
217 490 350 551 moribus
369 494 448 550 enim
467 494 497 550 et
515 491 631 568 legibus
649 492 769 551 distant.
795 493 832 551 ad
851 495 1080 553 commendatio·
1096 494 1134 551 41

66 603 136 640 nem
160 600 280 656 quoque
304 584 334 639 et
355 580 501 639 invidiam
524 582 618 655 valet3
650 601 721 640 nam
743 585 774 641 et
796 583 874 642 Aiax
902 584 982 658 apud
1010 581 1081 642 Ovi-

41 671 150 729 seium
174 667 256 728 ‘ante
279 665 370 729 retes’
394 672 501 745 inquit,
527 665 654 747 ‘agimus
678 689 807 743 oausam,
831 675 862 730 et
879 691 995 730 mecum
1013 691 1080 731 con·
1140 723 1143 727 .

66 762 161 818 fertur
184 754 313 818 Ulixesl'
340 762 371 819 et
392 759 500 818 Miloni
521 759 601 817 inter
623 763 721 818 cetera
745 761 893 820 obiectum
921 764 974 835 est,
1002 763 1081 836 quod

68 849 189 908 Clodius
211 851 244 907 in
268 851 468 907 monumentis
492 847 528 907 ab
553 867 587 907 eo
610 850 758 907 maiorum
781 869 903 909 suorum
933 853 1010 910 esset
1033 870 1079 910 oc·

68 941 150 997 cisus.
182 938 221 996 ad
258 936 401 996 suadendi
433 940 584 996 momenta
614 937 695 995 idem
724 939 814 1012 valet,
847 940 925 998 sicut
954 943 1080 1015 tempus,
1094 940 1133 995 42

69 1027 146 1086 cuius
170 1029 336 1085 tractatum
359 1026 546 1104 subiungem.
570 1027 634 1086 eius
658 1029 767 1101 autem,
793 1030 825 1085 ut
848 1028 908 1087 alio
931 1029 996 1087 loco
1019 1031 1080 1088 iam

42 1129 59 1167 1⁰
69 1116 134 1190 dixi,
154 1116 265 1191 duplex
283 1115 462 1192 significatio
481 1118 538 1174 est:
561 1116 741 1191 generaliter
763 1118 842 1174 enim
861 1119 892 1175 et
910 1119 1081 1192 specialiter

10 1200 18 1283 ἲ,
69 1206 218 1281 accipitur.
241 1206 326 1280 prius
348 1205 424 1263 illud
443 1207 488 1262 est
512 1200 610 1278 ‘nunc,
634 1205 714 1280 olim,
737 1205 791 1265 sub
811 1205 989 1280 Alexandro
1013 1225 1080 1264 cum

10 1286 14 1377 ξ
68 1295 142 1370 apud
164 1295 259 1352 Ilium
280 1297 448 1370 pugnatum
476 1289 541 1368 est',
570 1294 696 1370 denique
723 1295 928 1369 praeteritum,
955 1296 1079 1371 instans,

10 1382 13 1415 ³
67 1384 206 1443 flaturum.
254 1384 310 1442 hoc
346 1402 471 1458 sequens
508 1383 598 1443 habet
635 1388 665 1441 et
706 1385 869 1442 constituta
907 1384 1079 1443 discrimina

10 1466 13 1471 ’
69 1468 199 1546 ‘aestate
219 1472 326 1546 hieme,
343 1477 443 1547 noctu,
466 1467 618 1546 interdiu'‚
643 1475 673 1531 et
691 1472 816 1532 fortuita
836 1468 879 1530 ‘in
897 1474 1078 1548 pestilentia,

36 1562 206 1640 unhelle,
229 1561 262 1618 in
285 1557 443 1620 convivio'.
471 1561 648 1620 Latinorum
672 1561 793 1636 quidem
818 1562 890 1620 satis
915 1563 1078 1640 significari
1093 1562 1132 1618 43

65 1653 254 1726 putaverunt,
278 1652 304 1709 si
321 1651 397 1709 illud
416 1651 553 1728 generale
572 1652 699 1726 tempus
722 1650 777 1709 hoc
797 1652 924 1726 speciale
943 1656 1079 1727 tempora

64 1742 213 1800 vocarent.
238 1759 364 1814 quorum
387 1743 582 1814 utrorumque
606 1739 683 1797 ratio
707 1741 787 1797 etin
806 1742 938 1800 consiliis
958 1741 1078 1816 quidem

65 1833 93 1888 et
114 1832 147 1888 in
170 1829 225 1887 illo
249 1828 482 1888 demonstrativo
511 1848 617 1907 genere
645 1831 790 1902 versatur,
819 1829 871 1888 sed
898 1832 930 1888 in
957 1831 1077 1890 iudiciis

64 1920 304 1994 frequentissima
328 1921 380 1979 est.
403 1938 474 1977 nam
492 1922 523 1976 et
540 1919 614 1977 iuris
634 1920 822 1992 quaestiones
841 1919 914 1977 facit
933 1922 963 1977 et
982 1921 1076 1995 quali·
1092 1918 1131 1974 44

24 2011 50 2057 ²⁰
63 2010 155 2066 tatem
179 2008 340 2084 distinguit
364 2011 394 2065 et
417 2008 455 2065 ad
479 2008 680 2065 coniecturam
702 2008 866 2083 plurimum
893 2009 1015 2082 confert,
1043 2013 1079 2066 ut

63 2117 128 2156 eum
164 2095 287 2155 interim
316 2096 507 2172 probationes
538 2096 783 2173 inexpugnabiles
816 2097 941 2171 adferat,
975 2099 1077 2172 quales

62 2190 138 2261 sunt,
162 2187 188 2244 si
212 2185 338 2260 dicatur,
362 2188 396 2243 ut
420 2187 628 2260 supraposui,
652 2188 794 2264 signator,
825 2188 877 2262 qui
901 2189 969 2245 ante
998 2187 1077 2245 diem

61 2275 234 2334 tabularum
257 2275 391 2348 decessit,
424 2277 476 2332 aut
504 2275 683 2334 commisisse
713 2275 829 2350 aliquid
860 2276 908 2334 vel
936 2295 1004 2334 cum
1031 2277 1076 2333 in-

61 2366 126 2425 fans
151 2367 228 2423 esset
251 2365 299 2422 vel
322 2382 390 2422 cum
413 2365 533 2423 omnino
556 2368 644 2425 natus
674 2384 734 2423 non
763 2368 852 2422 esset:
884 2368 1004 2439 praeter
1035 2363 1129 2440 11145

18 2457 48 2506 ²⁶
61 2455 142 2529 quod
172 2455 272 2512 omnia
295 2454 383 2512 facile
406 2458 583 2530 argumenta
606 2458 658 2514 aut
682 2475 716 2512 ex
739 2455 791 2528 iis,
821 2473 897 2528 quae
921 2456 990 2512 ante
1013 2475 1076 2513 rem

60 2545 141 2602 facta
165 2544 246 2617 sunt,
271 2545 324 2600 aut
347 2561 382 2600 ex
411 2545 576 2602 coniunctis
609 2546 654 2602 rei
684 2548 737 2603 aut
765 2543 990 2619 insequentibus
1023 2543 1076 2602 du·

60 2637 177 2691 cuntur.
221 2650 256 2689 ex
295 2632 551 2692 antecedentibus:
585 2628 721 2690 ‘mortem
750 2633 881 2691 minatus
915 2651 953 2707 11,
985 2636 1076 2692 noctu

61 2723 156 2794 existi,
180 2720 413 2796 proficiscentem
434 2716 641 2780 antecessisti'.
665 2739 772 2780 causae
791 2741 908 2797 quoque
927 2722 1075 2781 factorum

60 2811 217 2887 praeteriti
240 2800 310 2868 sunt
341 2812 492 2886 temporis.
516 2809 678 2868 secundum
702 2812 819 2885 tempus
843 2811 983 2870 subtilius
1007 2815 1074 2886 qui-
1088 2810 1129 2866 46

13 2907 46 2953 &o
59 2901 137 2974 dam,
163 2918 253 2974 quam
276 2918 393 2960 necesse
417 2902 489 2977 erat,
513 2899 688 2970 diviserunt,
711 2902 745 2956 ut
764 2902 841 2958 esset
858 2901 954 2958 iuncti
974 2896 1074 2959 ‘sonus

59 2989 180 3047 auditus
204 2984 269 3062 est'‚
293 2989 481 3047 adhaerentis
506 2983 629 3046 ‘clamor
647 2987 782 3046 sublatus
801 2984 867 3048 est'.
890 2990 1074 3064 insequentis

130 3165 148 3212 4
167 3158 281 3212 ueram.
303 3164 344 3225 13,
364 3164 379 3212 1
399 3190 433 3198 -
453 3163 468 3210 1
487 3175 514 3226 p
534 3155 593 3210 uu.
614 3161 638 3222 1,
659 3161 691 3208 17

132 3326 148 3373 ὁ
167 3318 261 3387 inquit
280 3321 345 3372 ente
364 3321 439 3373 rates
459 3328 486 3370 ι’
538 3324 554 3370 8
574 3316 647 3370 siout
665 3333 708 3370 om
726 3327 749 3369 Δ
805 3323 837 3372 10
857 3318 976 3386 simplex
997 3328 1022 3370 B

59 3399 92 3447 12
112 3391 197 3445 Ilium
216 3401 252 3444 1⁸:
273 3389 354 3443 illum
372 3399 423 3442 AB
495 3393 527 3442 18
546 3404 648 3459 genere
663 3404 706 3441 om
719 3389 784 3442 312¹
857 3396 889 3443 23
910 3392 960 3442 aut
978 3389 1074 3444 Valla:

59 3481 96 3516 an
115 3471 193 3517 m
264 3467 298 3514 24
318 3478 381 3515 cum
400 3461 492 3514 adhuc
510 3464 594 3514 natus
614 3459 727 3515 omnino
746 3479 802 3515 non
821 3470 844 3512 Δ
918 3465 951 3513 30
971 3460 1074 3515 divise·

57 3537 126 3589 runt
143 3551 187 3588 om
203 3543 226 3584 Α

101 3630 281 3678 vanmrnnvs
296 3632 332 3672 ed.
346 3632 576 3681 Radermacher.
602 3639 626 3681 1.
905 3623 946 3676 Ἢ

578 3812 636 3820 ...ι-
