2460 3854
402 126 447 196 vi.
467 147 492 210 e,
512 148 661 198 ror-112.
681 148 706 212 4,
727 149 804 199 1-5.
1047 146 1111 211 351

96 314 217 373 diversa
249 313 402 387 opinione,
440 331 530 388 quam
567 315 651 389 sequi
685 313 780 390 magis
812 313 1009 390 probantibus
1040 315 1114 375 libe·

95 423 163 462 rum
187 405 241 461 est.
1153 409 1155 412 ⁴

419 553 480 624 [nn
499 552 801 626 Anrnnouuonn]

163 670 216 729 IV.
239 668 453 728 Altercationis
477 671 637 744 praecepta
659 672 800 744 poterant
822 670 919 730 videri
940 674 1013 730 tunc
1030 672 1110 730 inco·
1131 675 1149 730 1

70 760 206 833 ehanda,
230 777 295 817 cum
320 760 430 832 omnia,
461 776 536 833 quae
560 758 598 817 ad
622 759 796 817 continuem
824 761 991 819 orationem
1020 762 1114 835 perti-

97 852 180 922 nent,
209 847 405 925 peregissem
428 865 498 904 nam
522 849 566 906 est
593 865 664 905 usus
688 849 751 906 eius
774 847 877 907 ordine
899 849 1039 908 ultimus:
1063 849 1116 909 sed

98 958 168 998 cum
192 939 232 995 sit
254 939 355 1012 posita
376 938 409 994 in
428 937 493 996 sola
510 937 683 995 inventione
702 956 799 1012 neque
816 936 926 996 habere
945 939 1114 1013 dispositio·

98 1047 167 1086 nem
190 1028 285 1101 possit
308 1045 362 1084 nec
385 1025 561 1084 elocutionis
581 1029 757 1085 ornamenta
773 1045 954 1103 magnopere
969 1028 1117 1088 desideret

98 1120 151 1175 eut
189 1117 268 1174 circa
298 1115 473 1173 memoriam
505 1117 535 1173 et
565 1115 841 1191 pronuntiationem
872 1116 1001 1192 laboret,
1032 1116 1117 1193 prius

60 1226 85 1266 ro
99 1225 191 1282 quam
220 1203 380 1263 secundam
410 1205 542 1278 quinque
572 1204 718 1280 partium,
755 1205 840 1279 hanc,
877 1225 953 1281 quae
980 1209 1046 1265 tota
1078 1226 1114 1265 ex

98 1296 198 1371 prima
220 1292 338 1368 pendet,
365 1294 549 1351 tractaturus
572 1312 632 1352 non
661 1294 757 1352 alieno
785 1295 850 1352 loco
879 1295 995 1354 videor:
1024 1314 1115 1371 quam

99 1385 259 1458 scriptores
284 1382 338 1440 alii
359 1382 487 1441 fortasse
510 1381 577 1441 ideo
600 1383 795 1458 reliquerunt,
819 1383 890 1458 quia
913 1386 986 1444 satis
1010 1385 1115 1443 ceteris

98 1471 267 1548 praeceptis
303 1471 335 1528 in
366 1470 444 1529 hanc
481 1489 599 1546 quoque
630 1471 790 1531 videbatur
823 1490 885 1531 esse
916 1476 1115 1548 prospectum.

99 1563 217 1621 constet
249 1561 328 1618 enim
358 1562 411 1617 ant
439 1562 607 1618 intentione
639 1564 692 1619 aut
723 1561 905 1637 depulsione,
937 1563 973 1621 de
1005 1562 1153 1638 quibust

61 1653 174 1712 neatis
207 1649 352 1708 traditum
385 1651 438 1722 est,
472 1650 543 1724 quie
577 1648 723 1725 quidquid
754 1652 787 1708 in
819 1654 935 1711 actione
971 1654 1117 1727 perpetua

101 1741 179 1799 circa
202 1738 394 1813 probationes
417 1739 491 1797 utile
515 1740 568 1812 est,
590 1739 672 1797 idem
693 1740 726 1796 in
748 1738 804 1798 hac
826 1740 910 1799 brevi
934 1743 1024 1816 atque
1048 1759 1116 1800 oon·

101 1831 163 1890 cisa
185 1829 282 1904 prosit
296 1845 414 1886 necesse
433 1830 486 1886 est.
509 1846 606 1903 neque
625 1828 686 1886 alia
704 1828 844 1887 dicuntur
861 1831 893 1887 in
912 1829 1117 1904 altercatione,

100 1918 152 1977 scd
176 1918 272 1990 aliter,
305 1919 358 1975 aut
383 1917 597 1994 interrogando
629 1919 682 1975 aut
713 1917 926 1993 respondendo.
957 1920 1040 1978 cuius
1072 1919 1117 1978 rei

100 2008 162 2066 fere
186 2005 282 2065 omnis
306 2005 475 2065 observatio
497 2006 529 2064 in
557 2005 610 2068 illo
637 2008 759 2066 testium
787 2007 853 2066 loco
882 2025 1004 2067 excussa
1030 2007 1116 2068 nobis

60 2117 87 2158 eo
102 2099 154 2156 est.
178 2098 279 2153 tamen
303 2096 375 2170 quia
404 2095 496 2154 latius
527 2096 585 2155 hoc
616 2115 691 2172 opus
723 2096 856 2172 adgressi
888 2115 988 2156 sumus
1017 2098 1153 2172 nequet

100 2184 249 2261 perfectus
273 2186 375 2244 orator
401 2185 464 2243 sine
495 2186 553 2244 hac
579 2188 692 2246 virtute
724 2185 784 2243 dici
815 2189 927 2261 potest,
958 2187 1116 2262 paululum

100 2273 297 2350 inpendemus
320 2273 389 2332 huic
413 2294 531 2350 quoque
554 2277 714 2351 peculiaris
738 2292 859 2350 operae,
890 2293 966 2351 qnae
996 2275 1116 2352 quidem

100 2367 132 2422 in
157 2361 335 2438 quibusdam
363 2366 460 2424 causis
492 2364 531 2422 ad
562 2364 721 2423 victoriam
753 2364 801 2423 vel
830 2364 994 2440 plurimum
1025 2365 1116 2423 valet.

101 2471 172 2510 nam
194 2453 229 2510 ut
251 2451 283 2510 in
307 2451 454 2527 qualitate
477 2451 619 2528 generali,
641 2452 672 2510 in
696 2472 756 2528 qua
774 2455 891 2512 rectene
910 2453 1023 2513 factum
1043 2452 1153 2529 quid4

62 2563 88 2603 25
103 2561 141 2601 an
173 2543 275 2600 contra
303 2543 344 2599 sit
376 2540 538 2617 quaeritur,
570 2543 715 2616 perpetua
747 2543 918 2602 dominatur
949 2543 1054 2617 oratio,
1087 2544 1118 2602 et

103 2630 308 2706 quaestionem
331 2628 476 2688 finitionis
501 2629 632 2687 actiones
663 2630 837 2708 plerumque
867 2633 941 2691 satis
967 2632 1117 2708 explicant

103 2723 133 2779 et
156 2721 256 2778 omnia
279 2736 382 2792 paene,
414 2717 444 2774 in
469 2717 576 2792 quibus
603 2717 640 2776 de
667 2719 747 2778 facto
777 2724 895 2780 constat
923 2724 977 2780 ant
1004 2720 1117 2781 coniec-

102 2813 171 2868 tura
195 2807 348 2867 artificieli
374 2807 491 2864 ratione
519 2806 684 2883 colligitur:
710 2808 756 2866 ite
777 2808 808 2868 in
836 2811 874 2870 iis
903 2811 1012 2886 causis,
1041 2829 1117 2886 quae

104 2901 175 2957 sunt
197 2896 471 2973 frequentissimae,
499 2913 576 2970 quae
602 2896 651 2955 vel
678 2896 750 2956 solis
777 2901 861 2957 extra
888 2901 983 2958 artem
1011 2899 1117 2975 probe·

64 3009 90 3048 ec
104 2986 237 3046 tionibus
261 2987 309 3046 vel
331 2985 433 3044 mixtis
462 2987 658 3058 continentur,
691 2986 853 3062 asperrima
884 2989 917 3046 in
948 2989 1005 3047 hac
1031 2990 1117 3065 perte

105 3076 258 3136 dimicatio
288 3078 341 3150 est,
372 3092 427 3133 nec
455 3073 528 3132 alibi
555 3073 664 3133 dixeris
691 3076 787 3152 magia
814 3096 954 3137 mucrone
981 3078 1117 3156 pugnari.

104 3185 175 3225 nam
198 3168 228 3223 et
251 3165 422 3224 firmissima
450 3182 585 3239 quaeque
611 3161 772 3224 memoriae
799 3165 906 3226 iudicis
937 3162 1154 3226 inculcandae

179 3395 211 3442 12
231 3389 397 3457 reliquerint
418 3398 472 3443 GM
543 3394 576 3443 18
594 3386 776 3458 prospectum
794 3397 831 3443 P:
850 3388 1006 3458 perfectum
1019 3398 1122 3443 mu

178 3465 212 3513 14
231 3461 292 3584 mii
312 3477 345 3514 ex
363 3482 383 3513 a
399 3465 403 3528 1
420 3464 470 3516 aut
488 3470 576 3515 Pver:
596 3477 630 3515 ac
642 3469 691 3514 Ao
709 3459 741 3527 cf
754 3456 793 3511 111
811 3463 836 3527 5,
856 3466 870 3512 1
944 3467 978 3514 25
993 3461 1118 3515 domina·

105 3535 152 3586 tur
170 3541 251 3586 APV:
292 3534 393 3586 onatur
412 3541 468 3586 οη
