2460 3854
135 156 187 209 XII
438 153 667 220 QVINTILIANI
683 153 775 207 nisu.
796 153 852 208 OR.

135 324 284 399 Bonnelli,
325 324 455 398 Halmii,
490 322 633 398 Meisteri,
670 321 828 396 Fiervillii3
866 322 928 381 vidi
956 323 1150 386 Hackianam

136 412 375 488 Obrechtianam,
389 412 655 487 Burmannianam‚
668 412 877 488 Bipontinam3
891 412 997 469 harum
1012 432 1047 470 ex
1062 412 1149 469 adno

135 504 251 561 tatione
267 502 302 560 de
317 501 536 578 antiquioribus
552 519 727 579 cognoscere
742 500 851 559 studui.
865 500 1051 560 Nouissimas
1066 500 1150 559 Viro

135 611 202 650 rum
213 591 368 650 doctorum
379 591 563 650 coniecturas
578 609 638 649 non
647 608 758 666 paucas
768 589 917 648 Becherus
926 590 958 647 in
967 591 1150 666 marginibu

136 681 346 754 adnotaveram
369 683 524 756 praeterea
543 679 605 738 adii
623 679 643 736 J
645 700 671 737 v.
686 679 832 752 Muelleri,
851 679 996 752 Meiste1i‚
1019 679 1150 752 Becheri,

135 770 289 828 Ammonii
316 769 451 845 publicas
473 769 646 841 relationes3
675 767 815 846 grauiora
843 769 989 843 quaedam
1016 770 1080 844 ipse
1108 770 1150 825 in-

136 861 226 934 spexi.
272 858 308 916 In
339 858 470 935 plagulis
501 858 635 934 legendis
671 857 818 916 indefesso
855 857 955 915 studio
992 877 1039 915 me
1076 857 1150 916 iuvit

136 949 183 1007 Fr.
207 947 342 1006 Vollmer
366 949 488 1022 amicus,
515 947 600 1006 cuius
623 947 747 1006 consilio
776 950 805 1005 et
834 946 1032 1005 admonitioni
1059 965 1150 1022 quan-

135 1039 200 1096 tum
223 1037 297 1095 haec
320 1037 412 1095 editio
435 1036 551 1109 debeat,
579 1054 650 1094 sane
674 1056 709 1094 ex
733 1032 927 1094 adnotatione
954 1054 1030 1108 mea,
1061 1055 1150 1111 quam

135 1126 255 1185 brevem
278 1127 308 1184 et
331 1126 480 1185 concisam
509 1143 570 1185 esse
598 1124 697 1184 voluit
724 1127 750 1184 is
779 1125 831 1200 qui
859 1125 1040 1200 exemplaria
1069 1144 1150 1182 excu-

137 1215 233 1274 denda
256 1215 382 1290 curavit,
404 1215 526 1273 minime
550 1214 687 1292 cognosci
710 1217 817 1291 potest.
854 1214 953 1272 Multa
980 1214 1055 1290 legit
1083 1213 1150 1272 Gui-

135 1305 241 1362 lelmus
264 1303 359 1378 loon,
389 1321 449 1362 uon
472 1304 556 1363 nulla
580 1303 757 1380 Segofredus
781 1302 935 1362 Sudhaus:
965 1321 1025 1361 non
1053 1303 1150 1362 defue-

135 1395 206 1452 runt
236 1393 387 1452 adiutores
415 1395 590 1468 utinamque
618 1412 654 1451 ne
686 1395 785 1468 ipsum
818 1412 864 1450 me
896 1392 970 1451 bene
1003 1393 1150 1451 volentem

137 1483 215 1542 vires
239 1482 411 1542 defecerint!

202 1572 317 1646 Restat,
344 1574 378 1631 ut
405 1571 519 1651 gratias
543 1591 630 1650 agam
653 1572 765 1648 Regiae
788 1572 960 1630 litterarum
984 1570 1150 1630 academiae

136 1661 332 1736 Berolinensi,
360 1663 443 1720 cuius
468 1662 578 1720 auxilio
602 1662 729 1720 Romam
756 1680 825 1720 vere
854 1660 925 1719 anni
956 1661 1041 1719 1905
1071 1661 1150 1718 adire

137 1754 167 1808 et
190 1750 282 1809 libros
297 1750 459 1810 Vaticanos
483 1752 651 1810 examinare
674 1751 749 1808 mihi
771 1750 866 1809 licuit.
899 1749 1036 1824 Denique
1056 1749 1150 1808 officio

136 1859 183 1898 me
217 1839 441 1899 obstrinxerunt
472 1839 531 1899 viri
562 1840 675 1917 egregii
704 1839 737 1899 P.
768 1838 897 1897 Franchi
929 1838 965 1896 de
997 1837 1150 1912 Canalieri

138 1927 172 1987 G.
191 1928 303 2003 Falter,
327 1927 378 1986 Oh.
398 1928 539 2004 Huelsen,
563 1927 593 1986 Ο.
612 1929 747 2002 Wendel,
771 1930 824 2005 qui
846 1928 882 1986 de
905 1927 1050 1986 librorum
1068 1927 1150 1986 Vati-

137 2036 277 2078 canorum
313 2020 461 2094 scriptura
496 2017 647 2077 dubitanti
677 2019 752 2076 mihi
783 2035 900 2076 summa
929 2036 996 2075 cum
1023 2017 1150 2075 liberali-

136 2110 201 2166 tate
223 2112 438 2167 succurrerunt.

206 2267 318 2344 Scripsi
341 2265 517 2328 Monasterii
540 2267 770 2327 Gueetfalorum.

798 2386 832 2452 L.
855 2385 1111 2454 Radermacher.
