<?xml version="1.0" encoding="UTF-8"?>
<!DOCTYPE html PUBLIC "-//W3C//DTD XHTML 1.0 Transitional//EN"
    "http://www.w3.org/TR/xhtml1/DTD/xhtml1-transitional.dtd">
<html xmlns="http://www.w3.org/1999/xhtml" xml:lang="en" lang="en">
 <head>
  <title>
</title>
<meta http-equiv="Content-Type" content="text/html;charset=utf-8" />
  <meta name='ocr-system' content='tesseract 3.04.00' />
  <meta name='ocr-capabilities' content='ocr_page ocr_carea ocr_par ocr_line ocrx_word'/>
</head>
<body>
  <div class='ocr_page' id='page_1' title='image "./mfabiqvintilian00quingoog_0253.png"; bbox 0 0 2460 3854; ppageno 0'>
   <div class='ocr_carea' id='block_1_1' title="bbox 398 777 841 884">
    <p class='ocr_par' dir='ltr' id='par_1_1' title="bbox 398 777 841 884">
     <span class='ocr_line' id='line_1_1' title="bbox 398 777 841 884; baseline 0 -12"><span class='ocrx_word' id='word_1_1' title='bbox 398 799 561 873; x_wconf 77' lang='lat' dir='ltr'>arnan</span> <span class='ocrx_word' id='word_1_2' title='bbox 593 777 841 884; x_wconf 74' lang='lat' dir='ltr'>onradus.</span> 
     </span>
    </p>
   </div>
   <div class='ocr_carea' id='block_1_2' title="bbox 505 1071 736 1130">
    <p class='ocr_par' dir='ltr' id='par_1_2' title="bbox 505 1071 736 1130">
     <span class='ocr_line' id='line_1_2' title="bbox 505 1071 736 1130; baseline 0.004 -3"><span class='ocrx_word' id='word_1_3' title='bbox 505 1071 736 1130; x_wconf 75' lang='lat' dir='ltr'><em>Prooemium.</em></span> 
     </span>
    </p>
   </div>
   <div class='ocr_carea' id='block_1_3' title="bbox 243 1237 987 1312">
    <p class='ocr_par' dir='ltr' id='par_1_3' title="bbox 243 1237 987 1312">
     <span class='ocr_line' id='line_1_3' title="bbox 243 1237 987 1312; baseline 0.001 -19"><span class='ocrx_word' id='word_1_4' title='bbox 243 1240 303 1312; x_wconf 81' lang='lat' dir='ltr'>[DE</span> <span class='ocrx_word' id='word_1_5' title='bbox 321 1237 615 1294; x_wconf 84' lang='lat' dir='ltr'>PROBATIONIBUS</span> <span class='ocrx_word' id='word_1_6' title='bbox 634 1239 674 1293; x_wconf 89' lang='lat' dir='ltr'>IN</span> <span class='ocrx_word' id='word_1_7' title='bbox 677 1239 987 1312; x_wconf 67' lang='lat' dir='ltr'><strong>ARTIFIGIALIBUS]</strong></span> 
     </span>
    </p>
   </div>
   <div class='ocr_carea' id='block_1_4' title="bbox 22 1352 1148 3132">
    <p class='ocr_par' dir='ltr' id='par_1_4' title="bbox 70 1352 1145 1970">
     <span class='ocr_line' id='line_1_4' title="bbox 70 1352 1109 1432; baseline -0.007 -16"><span class='ocrx_word' id='word_1_8' title='bbox 70 1364 88 1416; x_wconf 94' lang='lat'>1</span> <span class='ocrx_word' id='word_1_9' title='bbox 175 1357 310 1415; x_wconf 82' lang='lat' dir='ltr'>Fuerunt</span> <span class='ocrx_word' id='word_1_10' title='bbox 333 1360 363 1415; x_wconf 90' lang='lat' dir='ltr'>et</span> <span class='ocrx_word' id='word_1_11' title='bbox 386 1357 461 1415; x_wconf 87' lang='lat' dir='ltr'>clari</span> <span class='ocrx_word' id='word_1_12' title='bbox 484 1357 604 1432; x_wconf 89' lang='lat' dir='ltr'>quidem</span> <span class='ocrx_word' id='word_1_13' title='bbox 628 1360 774 1430; x_wconf 74' lang='lat' dir='ltr'>auctores,</span> <span class='ocrx_word' id='word_1_14' title='bbox 798 1356 905 1432; x_wconf 87' lang='lat' dir='ltr'>quibus</span> <span class='ocrx_word' id='word_1_15' title='bbox 925 1357 1023 1416; x_wconf 89' lang='lat' dir='ltr'>solum</span> <span class='ocrx_word' id='word_1_16' title='bbox 1042 1352 1109 1414; x_wconf 84' lang='lat' dir='ltr'>ride·</span> 
     </span>
     <span class='ocr_line' id='line_1_5' title="bbox 108 1437 1138 1527; baseline -0.005 -23"><span class='ocrx_word' id='word_1_17' title='bbox 108 1450 190 1505; x_wconf 88' lang='lat' dir='ltr'>retur</span> <span class='ocrx_word' id='word_1_18' title='bbox 213 1446 339 1505; x_wconf 88' lang='lat' dir='ltr'>oratoris</span> <span class='ocrx_word' id='word_1_19' title='bbox 355 1445 487 1505; x_wconf 85' lang='lat' dir='ltr'>officium</span> <span class='ocrx_word' id='word_1_20' title='bbox 510 1445 614 1504; x_wconf 90' lang='lat' dir='ltr'>docere</span> <span class='ocrx_word' id='word_1_21' title='bbox 639 1438 783 1527; x_wconf 90' lang='lat' dir='ltr'>(namque</span> <span class='ocrx_word' id='word_1_22' title='bbox 807 1450 836 1504; x_wconf 88' lang='lat' dir='ltr'>et</span> <span class='ocrx_word' id='word_1_23' title='bbox 856 1445 993 1506; x_wconf 87' lang='lat' dir='ltr'>adfectus</span> <span class='ocrx_word' id='word_1_24' title='bbox 1012 1437 1138 1520; x_wconf 74' lang='lat' dir='ltr'>duplioil</span> 
     </span>
     <span class='ocr_line' id='line_1_6' title="bbox 107 1528 1113 1612; baseline -0.003 -19"><span class='ocrx_word' id='word_1_25' title='bbox 107 1536 223 1594; x_wconf 90' lang='lat' dir='ltr'>ratione</span> <span class='ocrx_word' id='word_1_26' title='bbox 247 1535 444 1594; x_wconf 82' lang='lat' dir='ltr'>excludendos</span> <span class='ocrx_word' id='word_1_27' title='bbox 467 1534 630 1610; x_wconf 86' lang='lat' dir='ltr'>putabant,</span> <span class='ocrx_word' id='word_1_28' title='bbox 653 1537 784 1610; x_wconf 87' lang='lat' dir='ltr'>primum</span> <span class='ocrx_word' id='word_1_29' title='bbox 813 1538 885 1612; x_wconf 89' lang='lat' dir='ltr'>quia</span> <span class='ocrx_word' id='word_1_30' title='bbox 903 1537 1022 1597; x_wconf 64' lang='lat' dir='ltr'>,vitium</span> <span class='ocrx_word' id='word_1_31' title='bbox 1048 1528 1113 1592; x_wconf 79' lang='lat' dir='ltr'>assei</span> 
     </span>
     <span class='ocr_line' id='line_1_7' title="bbox 107 1623 1114 1700; baseline -0.005 -16"><span class='ocrx_word' id='word_1_32' title='bbox 107 1627 203 1684; x_wconf 91' lang='lat' dir='ltr'>omnis</span> <span class='ocrx_word' id='word_1_33' title='bbox 227 1624 321 1684; x_wconf 87' lang='lat' dir='ltr'>animi</span> <span class='ocrx_word' id='word_1_34' title='bbox 342 1625 539 1700; x_wconf 78' lang='lat' dir='ltr'>perturbatio,</span> <span class='ocrx_word' id='word_1_35' title='bbox 572 1624 678 1683; x_wconf 88' lang='lat' dir='ltr'>deinde</span> <span class='ocrx_word' id='word_1_36' title='bbox 702 1627 775 1700; x_wconf 88' lang='lat' dir='ltr'>quia</span> <span class='ocrx_word' id='word_1_37' title='bbox 801 1625 933 1683; x_wconf 86' lang='lat' dir='ltr'>iudicem</span> <span class='ocrx_word' id='word_1_38' title='bbox 960 1644 979 1683; x_wconf 91' lang='grc'>1</span> <span class='ocrx_word' id='word_1_39' title='bbox 1002 1623 1114 1683; x_wconf 78' lang='lat' dir='ltr'>veritato</span> 
     </span>
     <span class='ocr_line' id='line_1_8' title="bbox 108 1709 1117 1791; baseline -0.002 -20"><span class='ocrx_word' id='word_1_40' title='bbox 108 1714 218 1790; x_wconf 83' lang='lat' dir='ltr'>depelli</span> <span class='ocrx_word' id='word_1_41' title='bbox 239 1713 452 1787; x_wconf 74' lang='lat' dir='ltr'>misericordia,</span> <span class='ocrx_word' id='word_1_42' title='bbox 476 1716 575 1791; x_wconf 85' lang='lat' dir='ltr'>gratia</span> <span class='ocrx_word' id='word_1_43' title='bbox 598 1712 806 1788; x_wconf 85' lang='lat' dir='ltr'>similibusque</span> <span class='ocrx_word' id='word_1_44' title='bbox 825 1732 886 1773; x_wconf 90' lang='lat' dir='ltr'>non</span> <span class='ocrx_word' id='word_1_45' title='bbox 910 1716 1072 1791; x_wconf 87' lang='lat' dir='ltr'>oporteret:</span> <span class='ocrx_word' id='word_1_46' title='bbox 1092 1709 1117 1769; x_wconf 83' lang='lat' dir='ltr'>el</span> 
     </span>
     <span class='ocr_line' id='line_1_9' title="bbox 106 1803 1117 1882; baseline -0.002 -20"><span class='ocrx_word' id='word_1_47' title='bbox 106 1804 294 1879; x_wconf 85' lang='lat' dir='ltr'>voluptatem</span> <span class='ocrx_word' id='word_1_48' title='bbox 319 1804 507 1862; x_wconf 88' lang='lat' dir='ltr'>audientium</span> <span class='ocrx_word' id='word_1_49' title='bbox 526 1806 634 1878; x_wconf 87' lang='lat' dir='ltr'>petere,</span> <span class='ocrx_word' id='word_1_50' title='bbox 659 1821 726 1862; x_wconf 87' lang='lat' dir='ltr'>cum</span> <span class='ocrx_word' id='word_1_51' title='bbox 740 1804 880 1862; x_wconf 85' lang='lat' dir='ltr'>vincendi</span> <span class='ocrx_word' id='word_1_52' title='bbox 893 1806 1015 1862; x_wconf 88' lang='lat' dir='ltr'>tantum</span> <span class='ocrx_word' id='word_1_53' title='bbox 1029 1803 1117 1882; x_wconf 75' lang='lat' dir='ltr'>gratio</span> 
     </span>
     <span class='ocr_line' id='line_1_10' title="bbox 108 1892 1145 1970; baseline -0.001 -19"><span class='ocrx_word' id='word_1_54' title='bbox 108 1893 263 1966; x_wconf 74' lang='lat' dir='ltr'>diceretur,</span> <span class='ocrx_word' id='word_1_55' title='bbox 286 1911 345 1951; x_wconf 95' lang='lat' dir='ltr'>non</span> <span class='ocrx_word' id='word_1_56' title='bbox 368 1892 457 1951; x_wconf 93' lang='lat' dir='ltr'>modo</span> <span class='ocrx_word' id='word_1_57' title='bbox 486 1895 589 1970; x_wconf 85' lang='lat' dir='ltr'>agenti</span> <span class='ocrx_word' id='word_1_58' title='bbox 618 1911 849 1969; x_wconf 86' lang='lat' dir='ltr'>supervacuum,</span> <span class='ocrx_word' id='word_1_59' title='bbox 878 1893 930 1952; x_wconf 91' lang='lat' dir='ltr'>sed</span> <span class='ocrx_word' id='word_1_60' title='bbox 957 1894 1008 1952; x_wconf 84' lang='lat' dir='ltr'>vix</span> <span class='ocrx_word' id='word_1_61' title='bbox 1037 1894 1117 1950; x_wconf 85' lang='lat' dir='ltr'>etiam</span> <span class='ocrx_word' id='word_1_62' title='bbox 1127 1898 1145 1940; x_wconf 80' lang='lat'>1⁰</span> 
     </span>
    </p>

    <p class='ocr_par' dir='ltr' id='par_1_5' title="bbox 68 1973 1119 2237">
     <span class='ocr_line' id='line_1_11' title="bbox 68 1973 1118 2062; baseline 0 -23"><span class='ocrx_word' id='word_1_63' title='bbox 68 1984 173 2040; x_wconf 65' lang='lat' dir='ltr'>iviro</span> <span class='ocrx_word' id='word_1_64' title='bbox 198 1982 321 2060; x_wconf 87' lang='lat' dir='ltr'>dignum</span> <span class='ocrx_word' id='word_1_65' title='bbox 348 1973 598 2062; x_wconf 84' lang='lat' dir='ltr'>arbitrabantur),</span> <span class='ocrx_word' id='word_1_66' title='bbox 620 1983 721 2058; x_wconf 89' lang='lat' dir='ltr'>plures</span> <span class='ocrx_word' id='word_1_67' title='bbox 753 2000 832 2056; x_wconf 84' lang='lat' dir='ltr'>vere,</span> <span class='ocrx_word' id='word_1_68' title='bbox 856 1983 909 2057; x_wconf 90' lang='lat' dir='ltr'>qui</span> <span class='ocrx_word' id='word_1_69' title='bbox 932 2000 988 2041; x_wconf 90' lang='lat' dir='ltr'>nec</span> <span class='ocrx_word' id='word_1_70' title='bbox 1011 1981 1118 2041; x_wconf 80' lang='lat' dir='ltr'>abillis</span> 
     </span>
     <span class='ocr_line' id='line_1_12' title="bbox 107 2069 1118 2147; baseline -0.005 -17"><span class='ocrx_word' id='word_1_71' title='bbox 107 2072 169 2130; x_wconf 89' lang='lat' dir='ltr'>sine</span> <span class='ocrx_word' id='word_1_72' title='bbox 201 2071 292 2130; x_wconf 90' lang='lat' dir='ltr'>dubio</span> <span class='ocrx_word' id='word_1_73' title='bbox 324 2069 461 2147; x_wconf 85' lang='lat' dir='ltr'>partibus</span> <span class='ocrx_word' id='word_1_74' title='bbox 489 2073 638 2147; x_wconf 85' lang='lat' dir='ltr'>rationem</span> <span class='ocrx_word' id='word_1_75' title='bbox 670 2071 777 2130; x_wconf 87' lang='lat' dir='ltr'>orandi</span> <span class='ocrx_word' id='word_1_76' title='bbox 809 2075 1042 2147; x_wconf 87' lang='lat' dir='ltr'>summoverent,</span> <span class='ocrx_word' id='word_1_77' title='bbox 1071 2071 1118 2128; x_wconf 90' lang='lat' dir='ltr'>hoo</span> 
     </span>
     <span class='ocr_line' id='line_1_13' title="bbox 107 2161 1119 2237; baseline -0.002 -19"><span class='ocrx_word' id='word_1_78' title='bbox 107 2163 208 2219; x_wconf 90' lang='lat' dir='ltr'>tamen</span> <span class='ocrx_word' id='word_1_79' title='bbox 239 2163 396 2236; x_wconf 89' lang='lat' dir='ltr'>proprium</span> <span class='ocrx_word' id='word_1_80' title='bbox 425 2163 517 2236; x_wconf 88' lang='lat' dir='ltr'>atque</span> <span class='ocrx_word' id='word_1_81' title='bbox 550 2163 746 2236; x_wconf 88' lang='lat' dir='ltr'>praecipuum</span> <span class='ocrx_word' id='word_1_82' title='bbox 775 2161 929 2219; x_wconf 75' lang='lat' dir='ltr'>crederent</span> <span class='ocrx_word' id='word_1_83' title='bbox 956 2180 1043 2237; x_wconf 91' lang='lat' dir='ltr'>opus,</span> <span class='ocrx_word' id='word_1_84' title='bbox 1073 2175 1119 2220; x_wconf 81' lang='lat' dir='ltr'>sua</span> 
     </span>
    </p>

    <p class='ocr_par' dir='ltr' id='par_1_6' title="bbox 22 2249 1118 2326">
     <span class='ocr_line' id='line_1_14' title="bbox 22 2249 1118 2326; baseline 0 -18"><span class='ocrx_word' id='word_1_85' title='bbox 22 2261 27 2268; x_wconf 86' lang='lat'>&#39;</span> <span class='ocrx_word' id='word_1_86' title='bbox 108 2249 281 2308; x_wconf 89' lang='lat' dir='ltr'>confirmare</span> <span class='ocrx_word' id='word_1_87' title='bbox 319 2253 349 2308; x_wconf 92' lang='lat' dir='ltr'>et</span> <span class='ocrx_word' id='word_1_88' title='bbox 386 2269 462 2326; x_wconf 88' lang='lat' dir='ltr'>quae</span> <span class='ocrx_word' id='word_1_89' title='bbox 494 2269 510 2308; x_wconf 90' lang='lat' dir='ltr'>e</span> <span class='ocrx_word' id='word_1_90' title='bbox 542 2250 659 2309; x_wconf 87' lang='lat' dir='ltr'>diverso</span> <span class='ocrx_word' id='word_1_91' title='bbox 705 2252 946 2326; x_wconf 74' lang='lat' dir='ltr'>proponerentur</span> <span class='ocrx_word' id='word_1_92' title='bbox 986 2253 1118 2310; x_wconf 81' lang='lat' dir='ltr'>refutare-</span> 
     </span>
    </p>

    <p class='ocr_par' dir='ltr' id='par_1_7' title="bbox 68 2339 1146 2684">
     <span class='ocr_line' id='line_1_15' title="bbox 68 2339 1146 2416; baseline -0.002 -19"><span class='ocrx_word' id='word_1_93' title='bbox 68 2343 89 2397; x_wconf 78' lang='lat'><strong>3</strong></span> <span class='ocrx_word' id='word_1_94' title='bbox 109 2342 337 2414; x_wconf 89' lang='lat' dir='ltr'>utrumcumque</span> <span class='ocrx_word' id='word_1_95' title='bbox 362 2342 408 2399; x_wconf 92' lang='lat' dir='ltr'>est</span> <span class='ocrx_word' id='word_1_96' title='bbox 436 2342 541 2416; x_wconf 87' lang='lat' dir='ltr'>(neque</span> <span class='ocrx_word' id='word_1_97' title='bbox 565 2341 643 2398; x_wconf 92' lang='lat' dir='ltr'>enim</span> <span class='ocrx_word' id='word_1_98' title='bbox 666 2339 723 2398; x_wconf 88' lang='lat' dir='ltr'>hoo</span> <span class='ocrx_word' id='word_1_99' title='bbox 749 2340 815 2398; x_wconf 91' lang='lat' dir='ltr'>loco</span> <span class='ocrx_word' id='word_1_100' title='bbox 843 2359 941 2397; x_wconf 88' lang='lat' dir='ltr'>mecm</span> <span class='ocrx_word' id='word_1_101' title='bbox 968 2342 1119 2416; x_wconf 89' lang='lat' dir='ltr'>interpono</span> <span class='ocrx_word' id='word_1_102' title='bbox 1130 2346 1146 2388; x_wconf 81' lang='lat'>1⁵</span> 
     </span>
     <span class='ocr_line' id='line_1_16' title="bbox 107 2423 1119 2510; baseline -0.004 -23"><span class='ocrx_word' id='word_1_103' title='bbox 107 2423 310 2510; x_wconf 84' lang='lat' dir='ltr'>sententiam),</span> <span class='ocrx_word' id='word_1_104' title='bbox 333 2429 381 2488; x_wconf 89' lang='lat' dir='ltr'>hie</span> <span class='ocrx_word' id='word_1_105' title='bbox 405 2431 462 2488; x_wconf 90' lang='lat' dir='ltr'>erit</span> <span class='ocrx_word' id='word_1_106' title='bbox 484 2429 561 2487; x_wconf 90' lang='lat' dir='ltr'>liber</span> <span class='ocrx_word' id='word_1_107' title='bbox 583 2424 635 2506; x_wconf 83' lang='lat' dir='ltr'>&lt;ct</span> <span class='ocrx_word' id='word_1_108' title='bbox 653 2429 760 2487; x_wconf 89' lang='lat' dir='ltr'>horum</span> <span class='ocrx_word' id='word_1_109' title='bbox 779 2424 830 2506; x_wconf 86' lang='lat' dir='ltr'>et&gt;</span> <span class='ocrx_word' id='word_1_110' title='bbox 842 2429 968 2488; x_wconf 90' lang='lat' dir='ltr'>illorum</span> <span class='ocrx_word' id='word_1_111' title='bbox 987 2431 1119 2505; x_wconf 89' lang='lat' dir='ltr'>opinione</span> 
     </span>
     <span class='ocr_line' id='line_1_17' title="bbox 106 2519 1119 2595; baseline -0.003 -20"><span class='ocrx_word' id='word_1_112' title='bbox 106 2520 234 2576; x_wconf 86' lang='lat' dir='ltr'>maxime</span> <span class='ocrx_word' id='word_1_113' title='bbox 252 2519 445 2595; x_wconf 86' lang='lat' dir='ltr'>necessarius,</span> <span class='ocrx_word' id='word_1_114' title='bbox 469 2538 529 2593; x_wconf 91' lang='lat' dir='ltr'>quo</span> <span class='ocrx_word' id='word_1_115' title='bbox 548 2520 613 2577; x_wconf 90' lang='lat' dir='ltr'>toto</span> <span class='ocrx_word' id='word_1_116' title='bbox 632 2519 706 2576; x_wconf 88' lang='lat' dir='ltr'>haee</span> <span class='ocrx_word' id='word_1_117' title='bbox 725 2519 789 2576; x_wconf 91' lang='lat' dir='ltr'>sola</span> <span class='ocrx_word' id='word_1_118' title='bbox 808 2521 994 2577; x_wconf 79' lang='lat' dir='ltr'>tractantur:</span> <span class='ocrx_word' id='word_1_119' title='bbox 1020 2519 1119 2595; x_wconf 88' lang='lat' dir='ltr'>quibus</span> 
     </span>
     <span class='ocr_line' id='line_1_18' title="bbox 108 2607 1119 2684; baseline -0.002 -18"><span class='ocrx_word' id='word_1_120' title='bbox 108 2626 178 2666; x_wconf 89' lang='lat' dir='ltr'>sane</span> <span class='ocrx_word' id='word_1_121' title='bbox 198 2609 229 2664; x_wconf 89' lang='lat' dir='ltr'>et</span> <span class='ocrx_word' id='word_1_122' title='bbox 250 2628 293 2683; x_wconf 90' lang='lat' dir='ltr'>ea,</span> <span class='ocrx_word' id='word_1_123' title='bbox 313 2628 391 2684; x_wconf 88' lang='lat' dir='ltr'>quae</span> <span class='ocrx_word' id='word_1_124' title='bbox 415 2608 451 2667; x_wconf 88' lang='lat' dir='ltr'>de</span> <span class='ocrx_word' id='word_1_125' title='bbox 469 2607 660 2667; x_wconf 87' lang='lat' dir='ltr'>iudicialibus</span> <span class='ocrx_word' id='word_1_126' title='bbox 680 2610 777 2667; x_wconf 89' lang='lat' dir='ltr'>causis</span> <span class='ocrx_word' id='word_1_127' title='bbox 795 2607 855 2668; x_wconf 90' lang='lat' dir='ltr'>iam</span> <span class='ocrx_word' id='word_1_128' title='bbox 871 2607 1050 2681; x_wconf 89' lang='lat' dir='ltr'>dictasunt,</span> <span class='ocrx_word' id='word_1_129' title='bbox 1069 2625 1119 2667; x_wconf 88' lang='lat' dir='ltr'>ser·</span> 
     </span>
    </p>

    <p class='ocr_par' dir='ltr' id='par_1_8' title="bbox 68 2697 1148 2952">
     <span class='ocr_line' id='line_1_19' title="bbox 68 2697 1120 2773; baseline 0.002 -19"><span class='ocrx_word' id='word_1_130' title='bbox 68 2699 90 2754; x_wconf 87' lang='lat'>4</span> <span class='ocrx_word' id='word_1_131' title='bbox 108 2699 204 2755; x_wconf 84' lang='lat' dir='ltr'>viunt.</span> <span class='ocrx_word' id='word_1_132' title='bbox 223 2717 294 2756; x_wconf 89' lang='lat' dir='ltr'>nam</span> <span class='ocrx_word' id='word_1_133' title='bbox 311 2717 407 2773; x_wconf 90' lang='lat' dir='ltr'>neque</span> <span class='ocrx_word' id='word_1_134' title='bbox 425 2698 572 2772; x_wconf 90' lang='lat' dir='ltr'>prooemii</span> <span class='ocrx_word' id='word_1_135' title='bbox 589 2715 685 2771; x_wconf 92' lang='lat' dir='ltr'>neque</span> <span class='ocrx_word' id='word_1_136' title='bbox 704 2697 885 2755; x_wconf 86' lang='lat' dir='ltr'>narrationis</span> <span class='ocrx_word' id='word_1_137' title='bbox 904 2699 950 2757; x_wconf 86' lang='lat' dir='ltr'>est</span> <span class='ocrx_word' id='word_1_138' title='bbox 965 2697 1044 2758; x_wconf 86' lang='lat' dir='ltr'>alius</span> <span class='ocrx_word' id='word_1_139' title='bbox 1057 2712 1120 2756; x_wconf 83' lang='lat' dir='ltr'>usus</span> 
     </span>
     <span class='ocr_line' id='line_1_20' title="bbox 108 2787 1148 2862; baseline -0.001 -19"><span class='ocrx_word' id='word_1_140' title='bbox 108 2805 198 2860; x_wconf 88' lang='lat' dir='ltr'>quam</span> <span class='ocrx_word' id='word_1_141' title='bbox 221 2789 256 2844; x_wconf 94' lang='lat' dir='ltr'>ut</span> <span class='ocrx_word' id='word_1_142' title='bbox 278 2788 349 2845; x_wconf 87' lang='lat' dir='ltr'>huie</span> <span class='ocrx_word' id='word_1_143' title='bbox 371 2787 501 2845; x_wconf 87' lang='lat' dir='ltr'>iudicem</span> <span class='ocrx_word' id='word_1_144' title='bbox 523 2789 713 2862; x_wconf 87' lang='lat' dir='ltr'>praeparent,</span> <span class='ocrx_word' id='word_1_145' title='bbox 741 2789 770 2844; x_wconf 83' lang='lat' dir='ltr'>et</span> <span class='ocrx_word' id='word_1_146' title='bbox 799 2789 895 2846; x_wconf 87' lang='lat' dir='ltr'>status</span> <span class='ocrx_word' id='word_1_147' title='bbox 918 2805 1007 2846; x_wconf 89' lang='lat' dir='ltr'>nosse</span> <span class='ocrx_word' id='word_1_148' title='bbox 1037 2790 1148 2862; x_wconf 76' lang='lat' dir='ltr'>atqua</span> 
     </span>
     <span class='ocr_line' id='line_1_21' title="bbox 107 2875 1120 2952; baseline 0 -19"><span class='ocrx_word' id='word_1_149' title='bbox 107 2894 151 2950; x_wconf 89' lang='lat' dir='ltr'>ea,</span> <span class='ocrx_word' id='word_1_150' title='bbox 175 2875 211 2933; x_wconf 89' lang='lat' dir='ltr'>de</span> <span class='ocrx_word' id='word_1_151' title='bbox 234 2875 342 2951; x_wconf 89' lang='lat' dir='ltr'>quibus</span> <span class='ocrx_word' id='word_1_152' title='bbox 357 2894 449 2952; x_wconf 85' lang='lat' dir='ltr'>supra</span> <span class='ocrx_word' id='word_1_153' title='bbox 467 2877 648 2952; x_wconf 83' lang='lat' dir='ltr'>scripsimus,</span> <span class='ocrx_word' id='word_1_154' title='bbox 671 2877 784 2935; x_wconf 89' lang='lat' dir='ltr'>intueri</span> <span class='ocrx_word' id='word_1_155' title='bbox 800 2895 1024 2952; x_wconf 84' lang='lat' dir='ltr'>supervacuum</span> <span class='ocrx_word' id='word_1_156' title='bbox 1041 2877 1120 2945; x_wconf 74' lang='lat' dir='ltr'>foret</span> 
     </span>
    </p>

    <p class='ocr_par' dir='ltr' id='par_1_9' title="bbox 69 2964 1121 3132">
     <span class='ocr_line' id='line_1_22' title="bbox 69 2964 1120 3041; baseline -0.001 -18"><span class='ocrx_word' id='word_1_157' title='bbox 69 2968 90 3023; x_wconf 77' lang='grc' dir='ltr'>ὅ</span> <span class='ocrx_word' id='word_1_158' title='bbox 109 2966 169 3023; x_wconf 87' lang='lat' dir='ltr'>nisi</span> <span class='ocrx_word' id='word_1_159' title='bbox 192 2965 230 3023; x_wconf 93' lang='lat' dir='ltr'>ad</span> <span class='ocrx_word' id='word_1_160' title='bbox 252 2966 329 3024; x_wconf 90' lang='lat' dir='ltr'>hanc</span> <span class='ocrx_word' id='word_1_161' title='bbox 352 2967 582 3041; x_wconf 88' lang='lat' dir='ltr'>perveniremus.</span> <span class='ocrx_word' id='word_1_162' title='bbox 606 2964 734 3040; x_wconf 90' lang='lat' dir='ltr'>denique</span> <span class='ocrx_word' id='word_1_163' title='bbox 758 2984 793 3024; x_wconf 85' lang='lat' dir='ltr'>ex</span> <span class='ocrx_word' id='word_1_164' title='bbox 817 2967 958 3041; x_wconf 90' lang='lat' dir='ltr'>quinque,</span> <span class='ocrx_word' id='word_1_165' title='bbox 984 2985 1061 3041; x_wconf 87' lang='lat' dir='ltr'>quas</span> <span class='ocrx_word' id='word_1_166' title='bbox 1083 2967 1120 3024; x_wconf 91' lang='lat' dir='ltr'>iu-</span> 
     </span>
     <span class='ocr_line' id='line_1_23' title="bbox 105 3054 1121 3132; baseline 0.002 -20"><span class='ocrx_word' id='word_1_167' title='bbox 105 3054 224 3114; x_wconf 87' lang='lat' dir='ltr'>dicialis</span> <span class='ocrx_word' id='word_1_168' title='bbox 247 3056 391 3113; x_wconf 87' lang='lat' dir='ltr'>materiae</span> <span class='ocrx_word' id='word_1_169' title='bbox 409 3056 543 3130; x_wconf 85' lang='lat' dir='ltr'>fecimus,</span> <span class='ocrx_word' id='word_1_170' title='bbox 565 3054 702 3131; x_wconf 82' lang='lat' dir='ltr'>partibus</span> <span class='ocrx_word' id='word_1_171' title='bbox 722 3073 928 3132; x_wconf 87' lang='lat' dir='ltr'>quaecumque</span> <span class='ocrx_word' id='word_1_172' title='bbox 947 3056 1010 3114; x_wconf 88' lang='grc'><strong>1111</strong></span> <span class='ocrx_word' id='word_1_173' title='bbox 1029 3055 1121 3132; x_wconf 88' lang='lat' dir='ltr'>potest</span> 
     </span>
    </p>
   </div>
   <div class='ocr_carea' id='block_1_5' title="bbox 102 3225 1121 3502">
    <p class='ocr_par' dir='ltr' id='par_1_10' title="bbox 179 3225 1120 3368">
     <span class='ocr_line' id='line_1_24' title="bbox 179 3225 1120 3295; baseline -0.004 -16"><span class='ocrx_word' id='word_1_174' title='bbox 179 3231 194 3279; x_wconf 87' lang='grc'>3</span> <span class='ocrx_word' id='word_1_175' title='bbox 214 3227 326 3280; x_wconf 79' lang='lat' dir='ltr'>titulum</span> <span class='ocrx_word' id='word_1_176' title='bbox 344 3227 431 3293; x_wconf 81' lang='lat' dir='ltr'>copiti</span> <span class='ocrx_word' id='word_1_177' title='bbox 445 3227 622 3295; x_wconf 74' lang='lat' dir='ltr'>[praeponit</span> <span class='ocrx_word' id='word_1_178' title='bbox 641 3227 758 3280; x_wconf 86' lang='lat' dir='ltr'>Vollmer</span> <span class='ocrx_word' id='word_1_179' title='bbox 830 3225 981 3294; x_wconf 75' lang='lat' dir='ltr'>rquidam</span> <span class='ocrx_word' id='word_1_180' title='bbox 992 3225 1120 3280; x_wconf 64' lang='grc' dir='ltr'><strong>ΝΒηΡῙι</strong></span> 
     </span>
     <span class='ocr_line' id='line_1_25' title="bbox 179 3297 1050 3368; baseline 0 -18"><span class='ocrx_word' id='word_1_181' title='bbox 179 3298 327 3366; x_wconf 70' lang='lat' dir='ltr'>ltprimum</span> <span class='ocrx_word' id='word_1_182' title='bbox 346 3314 389 3351; x_wconf 85' lang='lat' dir='ltr'>om</span> <span class='ocrx_word' id='word_1_183' title='bbox 407 3308 430 3349; x_wconf 82' lang='grc' dir='ltr'><strong><em>Α</em></strong></span> <span class='ocrx_word' id='word_1_184' title='bbox 521 3297 621 3367; x_wconf 77' lang='lat' dir='ltr'>Spelli</span> <span class='ocrx_word' id='word_1_185' title='bbox 639 3307 662 3349; x_wconf 81' lang='grc' dir='ltr'><em>Α</em></span> <span class='ocrx_word' id='word_1_186' title='bbox 679 3298 683 3368; x_wconf 76' lang='lat' dir='ltr'>l</span> <span class='ocrx_word' id='word_1_187' title='bbox 700 3298 794 3366; x_wconf 84' lang='lat' dir='ltr'>gratia</span> <span class='ocrx_word' id='word_1_188' title='bbox 812 3307 848 3352; x_wconf 81' lang='lat' dir='ltr'>A:</span> <span class='ocrx_word' id='word_1_189' title='bbox 867 3297 913 3350; x_wconf 84' lang='lat' dir='ltr'>vel</span> <span class='ocrx_word' id='word_1_190' title='bbox 931 3298 976 3350; x_wconf 87' lang='lat' dir='ltr'>ira</span> <span class='ocrx_word' id='word_1_191' title='bbox 996 3307 1050 3350; x_wconf 79' lang='lat' dir='ltr'>BP</span> 
     </span>
    </p>

    <p class='ocr_par' dir='ltr' id='par_1_11' title="bbox 102 3367 1121 3502">
     <span class='ocr_line' id='line_1_26' title="bbox 102 3367 1121 3438; baseline -0.003 -16"><span class='ocrx_word' id='word_1_192' title='bbox 102 3375 137 3422; x_wconf 79' lang='grc'>14</span> <span class='ocrx_word' id='word_1_193' title='bbox 157 3370 303 3424; x_wconf 76' lang='lat' dir='ltr'>ediverso</span> <span class='ocrx_word' id='word_1_194' title='bbox 322 3367 373 3424; x_wconf 74' lang='lat'>1²²:</span> <span class='ocrx_word' id='word_1_195' title='bbox 394 3385 411 3423; x_wconf 84' lang='lat' dir='ltr'>a</span> <span class='ocrx_word' id='word_1_196' title='bbox 430 3368 540 3424; x_wconf 84' lang='lat' dir='ltr'>diverso</span> <span class='ocrx_word' id='word_1_197' title='bbox 559 3369 598 3422; x_wconf 72' lang='grc' dir='ltr'>ι’1</span> <span class='ocrx_word' id='word_1_198' title='bbox 616 3370 733 3423; x_wconf 91' lang='lat' dir='ltr'>adverso</span> <span class='ocrx_word' id='word_1_199' title='bbox 751 3378 804 3422; x_wconf 80' lang='lat' dir='ltr'>AB</span> <span class='ocrx_word' id='word_1_200' title='bbox 889 3374 923 3422; x_wconf 89' lang='grc'>16</span> <span class='ocrx_word' id='word_1_201' title='bbox 941 3371 1026 3438; x_wconf 79' lang='lat' dir='ltr'>suppl</span> <span class='ocrx_word' id='word_1_202' title='bbox 1045 3367 1121 3424; x_wconf 86' lang='lat' dir='ltr'>Kroll</span> 
     </span>
     <span class='ocr_line' id='line_1_27' title="bbox 165 3440 1078 3502; baseline -0.001 -6"><span class='ocrx_word' id='word_1_203' title='bbox 165 3447 202 3497; x_wconf 82' lang='grc'>20</span> <span class='ocrx_word' id='word_1_204' title='bbox 219 3443 290 3500; x_wconf 86' lang='lat' dir='ltr'>lruio</span> <span class='ocrx_word' id='word_1_205' title='bbox 311 3462 355 3502; x_wconf 85' lang='lat' dir='ltr'>om</span> <span class='ocrx_word' id='word_1_206' title='bbox 376 3454 432 3501; x_wconf 84' lang='lat' dir='ltr'>BP</span> <span class='ocrx_word' id='word_1_207' title='bbox 450 3445 521 3502; x_wconf 85' lang='lat' dir='ltr'>delet</span> <span class='ocrx_word' id='word_1_208' title='bbox 543 3441 677 3500; x_wconf 78' lang='lat' dir='ltr'>Kiderlin</span> <span class='ocrx_word' id='word_1_209' title='bbox 747 3447 786 3494; x_wconf 71' lang='lat' dir='ltr'>‘i‘l</span> <span class='ocrx_word' id='word_1_210' title='bbox 802 3441 843 3493; x_wconf 81' lang='lat' dir='ltr'>ad</span> <span class='ocrx_word' id='word_1_211' title='bbox 851 3440 928 3492; x_wconf 65' lang='lat' dir='ltr'>*naec</span> <span class='ocrx_word' id='word_1_212' title='bbox 947 3442 1078 3495; x_wconf 71' lang='lat' dir='ltr'>Kiderlin</span> 
     </span>
    </p>
   </div>
   <div class='ocr_carea' id='block_1_6' title="bbox 0 0 1234 3854">
    <p class='ocr_par' dir='ltr' id='par_1_12' title="bbox 0 0 1234 3854">
     <span class='ocr_line' id='line_1_28' title="bbox 0 0 1234 3854; baseline 0 0"><span class='ocrx_word' id='word_1_213' title='bbox 0 0 1234 3854; x_wconf 95' lang='lat' dir='ltr'> </span> 
     </span>
    </p>
   </div>
  </div>
 </body>
</html>
