2460 3854
389 133 437 187 Ν.
457 138 482 200 2,
502 139 652 188 rao-raa.
681 139 706 202 a,
726 140 804 188 1-4.
1042 135 1112 198 223

114 299 210 361 dicero:
238 297 376 360 ‘fundum
402 302 495 361 habet
521 302 554 361 in
582 321 654 380 agro
683 304 816 362 Thurino
844 303 883 361 M.
913 303 1029 363 Tullius
1055 324 1108 380 pa-

112 386 231 467 temum',
254 391 468 450 Demosthenes
490 411 546 466 pro
571 391 778 468 Ctesiphonte:
809 400 872 451 τοῦ
899 389 963 472 γὰρ
993 395 1107 452 Φωκι-

110 488 160 539 κοῦ
180 479 377 552 συστάντος
400 477 566 557 πολέμου.

159 569 203 628 De
225 569 285 630 fine
307 571 490 629 narrationis
514 588 581 628 cum
604 571 642 629 iis
666 572 817 629 contentio
836 573 889 645 est,
914 571 965 646 qui
983 571 1108 645 perduci
1122 571 1183 626 lar

88 661 308 735 cexpositionem
331 659 438 718 volunt
460 677 504 733 eo,
534 658 612 717 unde
641 660 777 734 quaestio
805 659 913 718 oritur:
942 655 999 720 ‘his
1022 659 1108 719 rebus

105 749 140 806 ita
161 749 253 827 gestis
276 747 309 806 P.
333 748 492 807 Dolabella
514 751 637 824 praetor
659 749 827 822 interdixit,
854 751 889 807 ut
917 751 962 807 est
989 767 1108 808 cousue-

104 837 174 912 tudo,
198 837 234 895 de
258 839 290 896 vi
312 837 482 896 hominibus
506 837 638 913 armatis,
662 837 726 896 sine
748 838 812 896 ulla
836 839 1020 913 exceptione,
1042 841 1109 897 tan-

102 928 157 984 tum
180 930 223 1002 ut,
246 926 326 984 unde
350 926 514 1000 deiecisset,
541 929 726 986 restitueret:
754 926 860 986 deinde
888 928 1054 986 restituisse
1078 946 1110 985 se

100 1015 181 1075 dixit:
211 1018 333 1091 sponsio
356 1017 437 1074 facta
461 1019 515 1074 cst:
537 1017 594 1074 hac
618 1016 653 1074 de
678 1018 835 1091 sponsione
863 1016 947 1075 vobis
975 1017 1110 1074 iudican-

72 1104 161 1163 udnm
190 1099 256 1164 est'.
289 1104 321 1161 id
345 1123 363 1162 a
385 1105 514 1181 petitore
542 1123 658 1180 semper
684 1104 749 1164 fieri
771 1108 880 1181 potest,
910 1125 929 1164 a
958 1105 1112 1164 defensore

98 1214 150 1253 non
173 1213 298 1269 semper.

432 1345 492 1417 [na
511 1344 759 1418 necassent]

155 1461 213 1520 ΙΠ.
237 1459 348 1521 Ordine
370 1463 437 1537 ipso
460 1463 664 1520 narrationem
696 1463 833 1540 sequitur
856 1461 1139 1534 confirmation

95 1551 245 1625 probanda
268 1552 453 1624 suntenim,
486 1570 562 1626 quae
590 1553 713 1626 propter
740 1551 795 1609 hoc
828 1553 1024 1625 exposuimus.
1058 1551 1108 1610 sed

68 1660 85 1699 u
96 1642 266 1716 priusquam
290 1640 444 1716 ingrediar
466 1640 544 1698 hanc
566 1642 692 1715 partem,
714 1658 811 1715 panca
829 1640 904 1697 mihi
923 1639 958 1698 de
978 1658 1112 1714 quorun·

95 1729 159 1787 dam
183 1729 324 1805 opinione
348 1729 473 1788 dicenda
496 1731 573 1787 sunt.
615 1729 767 1804 plerisque
789 1731 880 1788 moris
904 1731 961 1803 est,
990 1731 1112 1804 prolato

94 1837 190 1877 rerum
214 1818 318 1877 ordine
340 1818 478 1893 protinus
500 1817 605 1892 ntique
627 1817 660 1874 in
684 1819 815 1892 aliquem
837 1818 951 1876 laetum
974 1836 1009 1876 ac
1023 1819 1107 1894 plau·

95 1908 207 1966 sibilem
223 1908 323 1966 locum
342 1927 434 1982 quam
452 1908 580 1965 maxime
598 1909 714 1983 possint
728 1907 934 1965 favorabiliter
948 1924 1107 1965 excurrere.

94 1997 171 2072 quod
195 1997 317 2071 quidem
340 1999 445 2054 natum
469 1995 506 2054 ab
530 1998 730 2055 ostentatione
754 1996 967 2054 declamatoria
992 1997 1055 2053 iam
1076 1995 1147 2052 inss

65 2087 189 2144 ruforum
216 2086 309 2160 venit,
336 2087 497 2161 postquam
527 2104 615 2162 agere
648 2104 752 2144 causas
780 2104 840 2143 non
872 2085 910 2142 ad
943 2083 1108 2143 utilitatem

92 2174 288 2253 litigatorum,
312 2175 362 2232 sed
386 2174 424 2232 ad
446 2177 643 2249 patronorum
664 2173 856 2233 iactationem
880 2175 1031 2249 repertum
1054 2177 1107 2248 est,

92 2284 134 2338 ne,
163 2264 190 2323 si
212 2282 331 2339 pressae
355 2263 410 2336 illi,
439 2263 536 2339 qualis
560 2263 678 2338 saepius
702 2263 899 2336 desideratur,
926 2263 1107 2321 narrationis

93 2353 256 2430 gracilitati
270 2353 429 2411 coniuncta
443 2355 686 2430 argumentorum
700 2352 877 2429 pugnacitas
890 2352 990 2426 fucrit,
1005 2352 1107 2411 dilatis

92 2442 203 2501 diutins
236 2441 353 2500 dicendi
385 2441 592 2517 voluptatibus
624 2443 720 2500 oratio
759 2442 942 2519 refrigescat.
983 2443 1015 2498 in
1048 2441 1146 2517 quo&

61 2546 80 2588 a
92 2532 200 2590 vitium
231 2531 308 2588 illud
340 2533 393 2604 est,
424 2530 503 2606 quod
533 2533 595 2589 sine
628 2531 797 2590 discrimine
828 2549 984 2590 causarum
1016 2534 1106 2606 atque

92 2620 234 2679 utilitatis
257 2619 322 2694 hcc,
344 2623 499 2696 tamquam
522 2640 637 2696 semper
657 2621 794 2697 expediat
813 2630 866 2679 aut
885 2621 975 2678 etiam
989 2638 1106 2678 necesse

92 2710 138 2786 sit,
163 2710 290 2784 faciunt,
313 2727 406 2784 coque
430 2713 565 2784 sumptas
590 2729 625 2768 ex
648 2711 685 2768 iis
708 2710 855 2784 partibus,
879 2728 1005 2785 quarum
1029 2709 1106 2768 alius

92 2800 155 2857 erat
178 2800 270 2872 locus,
295 2800 457 2857 sententias
480 2799 512 2856 in
535 2800 611 2857 hane
635 2802 808 2878 congerunt,
837 2801 872 2856 ut
894 2798 1026 2874 plurima
1053 2801 1111 2857 aut

91 2887 199 2946 iterum
224 2887 349 2946 dicenda
371 2889 433 2946 sint
456 2890 516 2961 aut,
540 2889 612 2962 quia
636 2887 733 2946 alieno
756 2889 822 2946 loco
846 2887 1023 2962 dictasunt,
1047 2887 1106 2946 dici

53 2991 77 3035 eo
90 2995 143 3035 suo
157 2994 218 3035 non
232 2976 356 3052 possint.
380 2996 435 3054 ego
456 2979 556 3035 antem
575 2975 724 3050 confiteor,
748 2977 803 3035 hoc
822 2976 995 3052 expatiandi
1013 2994 1105 3053 genus
1120 2974 1144 3030 d-

161 3168 295 3234 2p230,
311 3168 344 3218 18
370 3195 405 3203 -
431 3168 447 3217 ὁ
467 3162 522 3216 Cic.
541 3180 568 3231 p.
589 3161 668 3215 Cacc.
688 3166 713 3227 8,
733 3168 766 3215 23

160 3381 240 3431 dest
258 3395 301 3432 cm
319 3387 342 3429 Α
429 3383 462 3431 14
482 3376 598 3446 exposui
616 3385 644 3429 B
730 3381 761 3428 16
780 3376 890 3444 perlato
909 3383 1030 3430 NBnPo

89 3458 122 3505 17
139 3450 184 3521 ac]
200 3451 286 3519 atque
301 3451 386 3502 Paut
399 3458 444 3512 By
457 3447 554 3502 ΜΝ
618 3452 651 3500 27
666 3446 829 3516 desumptas
843 3457 898 3501 BP
963 3453 998 3501 29
1013 3447 1109 3501 alieno

87 3524 160 3578 Alc.-
180 3520 236 3574 alia
255 3520 348 3573 alieno
400 3568 402 3574 .
