2460 3854
441 130 655 196 PRAEFATIO.
1048 131 1087 184 IX
1195 154 1198 172 ·

206 303 236 358 et
270 297 317 359 P:
348 299 407 358 Sed
438 332 483 340 -
514 301 552 359 ob
583 301 643 358 illis
673 301 823 374 dissectio,
855 303 905 373 quc·
936 317 997 359 ccc
1028 317 1088 359 cssc

204 390 428 447 currendum
451 391 619 448 existiment.

70 477 154 538 Haec
172 477 375 554 interpolandi
397 477 491 538 libido
514 478 642 537 maxime
665 497 759 536 unum
783 478 900 537 dicendi
927 497 1020 555 genus
1043 478 1087 537 in·

69 568 159 641 rasit,
184 587 243 641 quo
267 566 469 636 Quintilianus
492 586 566 626 usus
590 569 650 626 est:
681 569 733 642 qui
759 568 811 626 ubi
839 568 913 627 artis
941 567 1088 644 quasdam

69 655 259 715 definitiones
282 655 397 729 laudat,
419 659 569 731 receptam
589 675 645 715 usu
664 655 896 732 appellationem
914 676 969 732 per
982 675 1087 733 paren·

68 746 170 804 thesin
193 744 300 804 addere
324 747 492 820 consuevit,
516 747 599 804 euius
622 747 668 804 rei
690 748 736 804 est
759 746 925 821 exemplum
951 745 1088 804 omnibus

67 834 155 894 libris
178 833 324 892 traditum

136 943 206 1000 pag.
222 925 296 997 289,
310 944 335 982 rr
358 924 391 982 id
413 939 526 999 quoquc
549 921 718 995 (obscurum
736 921 862 997 cocunt),
885 924 963 994 quoe
980 927 1087 984 secreto

206 1016 232 1070 et
253 1014 315 1072 sinc
338 1016 406 1071 teste
429 1044 480 1070 —.

68 1101 141 1160 Jam
165 1100 234 1160 vide

137 1210 206 1268 pag.
232 1191 376 1265 196,15:
414 1207 575 1249 sermonem
607 1209 626 1248 a
652 1207 782 1263 persemr
813 1190 921 1250 iudicis
952 1207 1089 1249 cumeurn

206 1271 430 1360 (ἀποστροφή
463 1271 583 1360 dicitur)
623 1275 672 1339 B:
710 1297 797 1353 quoe
829 1276 879 1338 ἀπ.
912 1280 1019 1339 dicitur
1051 1276 1088 1338 A

205 1370 263 1441 qui
286 1365 336 1426 dre.
360 1368 387 1427 d.
413 1366 456 1428 P.

69 1456 136 1526 Qua
160 1475 195 1514 ex
219 1457 425 1517 observatione
448 1456 610 1516 iudicanda
633 1460 679 1517 est
701 1457 774 1516 haec
788 1456 924 1517 lectionis
943 1458 1087 1516 varietas:

136 1565 206 1622 pag.
237 1548 310 1620 151,
339 1559 368 1605 7:
399 1548 569 1617 coecitatem
602 1538 867 1627 (πραγματικήν
899 1539 995 1625 cocat)
1037 1543 1086 1605 A:

205 1653 293 1707 qoem
315 1656 364 1715 πρ.
388 1640 470 1694 vocat
491 1632 574 1709 BP,

137 1743 206 1801 pag.
232 1726 372 1798 178,17:
394 1729 528 1784 mutuom
555 1725 767 1784 accusationem
797 1721 1088 1804 (ἀντικατηγορία

205 1806 338 1893 occatur)
362 1811 412 1873 A:
435 1831 510 1887 quoe
532 1810 625 1871 ἀντικ.
648 1818 768 1886 uocetur
790 1810 872 1874 BP.

69 1901 154 1961 Haeo
178 1902 268 1978 paulo
292 1900 445 1961 verbosius
469 1906 623 1961 exsecutus
646 1920 725 1976 sum,
753 1921 790 1960 ne
814 1904 880 1977 quis
907 1902 954 1960 his
982 1902 1087 1960 simili-

68 1991 186 2066 busque
209 1991 281 2050 locis
305 1993 368 2050 sine
391 1991 507 2050 ratione
531 2010 549 2050 a
576 1991 712 2067 priorum
739 1991 904 2050 editionum
932 1995 1086 2050 consuetu-

72 2081 142 2138 dine
166 2080 324 2139 descivisse
348 2099 395 2139 me
418 2080 574 2139 existimet.

138 2167 276 2228 Godicem
300 2169 471 2228 Vallensem
490 2169 521 2226 in
540 2171 672 2244 quinque
689 2169 774 2228 libris
793 2168 942 2244 prioribus
967 2186 1086 2227 accura-

67 2258 184 2317 tissime
212 2259 381 2317 contulerat
408 2258 439 2315 F.
463 2258 586 2333 Becher,
617 2260 650 2315 iu
682 2261 764 2317 sexto
801 2257 860 2316 nisi
896 2257 1087 2316 miscellanea

69 2347 217 2422 quaedam
249 2365 308 2405 non
341 2347 545 2407 adnotaverat.
596 2347 703 2422 Itaque
732 2347 932 2406 intercedente
959 2346 1087 2423 Hugone

68 2437 162 2510 Rabe,
199 2438 251 2512 qui
283 2436 363 2495 locos
392 2455 510 2512 quoque
541 2436 629 2496 huius
670 2436 780 2496 codicis
819 2436 977 2495 nonnullos
1019 2454 1086 2494 mea

68 2544 159 2584 causa
192 2527 386 2599 examinavit,
414 2525 483 2584 inde
511 2526 602 2584 afol.
628 2527 691 2584 69v
718 2525 757 2584 ad
784 2525 835 2584 fol.
861 2527 921 2584 78³
939 2525 1086 2602 imagines

67 2614 139 2672 libri
161 2613 228 2673 luce
251 2617 390 2690 exceptae
415 2606 492 2695 (ipse
517 2615 595 2672 enim
617 2615 738 2692 roganti
756 2615 830 2672 mihi
849 2632 1003 2673 concessus
1026 2632 1086 2672 non

67 2695 128 2784 est)
145 2702 312 2778 Gryphium
330 2704 438 2762 missae
457 2706 535 2779 sunt,
560 2703 666 2778 quibus
686 2722 755 2762 usus
775 2703 999 2762 adnotationem
1019 2721 1085 2761 con-

68 2791 163 2851 stitui.
190 2792 248 2851 Sed
267 2811 333 2851 cum
348 2795 411 2851 eius
425 2792 496 2851 libri
509 2793 582 2853 haec
596 2794 636 2853 sit
651 2793 794 2867 condicio,
808 2795 842 2850 ut
857 2795 977 2868 praetor
989 2792 1086 2869 ignoti

67 2881 243 2941 correctoris
267 2874 345 2962 (Pl)
370 2901 491 2958 operam
524 2882 561 2941 ab
589 2884 654 2957 ipso
683 2881 845 2941 Laurentio
873 2881 963 2939 Valla
995 2880 1085 2939 adno-

66 2972 193 3045 tatione,
217 2970 433 3045 emendatione,
456 2974 568 3030 rasuris
592 2990 802 3047 saepenumero
825 2971 1014 3033 itavexatus
1038 2971 1085 3044 sit,

66 3063 102 3118 ut
132 3059 206 3135 quid
233 3060 332 3135 prima
364 3080 454 3119 mauu
478 3053 556 3141 (Pl)
579 3061 725 3136 scriptum
756 3060 848 3118 fuerit
880 3059 994 3118 dinosci
1026 3078 1085 3118 non

65 3151 129 3207 iam
160 3150 270 3224 possit,
304 3151 365 3208 alia
397 3150 528 3208 eiusdem
560 3149 662 3209 classis
695 3149 877 3224 exemplaria
909 3147 1086 3208 arcessenda
1132 3212 1133 3215 ¹

68 3241 163 3311 erant,
187 3258 263 3314 quae
286 3240 318 3297 in
333 3238 424 3298 dubia
442 3238 569 3297 lectione
584 3239 813 3297 consulerentur.
841 3236 975 3294 Adhibui
992 3238 1086 3314 igitur

66 3347 160 3385 unum
188 3327 358 3386 Parisinum
392 3328 476 3386 7725
507 3319 580 3408 (Q),
611 3348 697 3403 quem
725 3347 791 3386 meo
819 3328 983 3401 impetratu
1011 3325 1084 3401 Gry-

66 3416 171 3491 phiam
203 3418 412 3476 transmissum
442 3416 588 3491 inspicere
617 3421 707 3492 atque
740 3416 872 3475 conferre
898 3417 963 3490 ipse
986 3417 1086 3491 potui,

66 3525 162 3563 unum
194 3505 373 3564 Vaticanum
403 3505 503 3584 1765,
536 3505 651 3567 Romae
686 3525 759 3567 uere
792 3505 870 3566 amir
893 3506 991 3564 ΨΜ
1011 3521 1036 3559 a
1052 3520 1109 3556 ms
