2460 3854
437 134 470 188 V.
490 140 532 201 10,
552 140 702 189 roe-121.
1047 135 1112 198 271

92 307 156 364 nisi
193 305 297 364 eadem
328 306 360 363 vi
390 304 607 379 possideantur.
639 307 793 381 proprium
826 307 857 364 61
888 305 964 362 illud
996 323 1115 379 causae,

94 394 178 471 quod
201 394 436 470 Amphictyones
458 393 602 467 iudicant,
633 395 670 451 ut
701 394 762 452 alia
794 394 875 469 apud
903 395 1113 466 centummros,

94 485 157 543 alia
180 483 263 559 apud
285 483 436 558 privatum
460 482 589 541 iudicem
610 485 643 540 in
665 483 760 543 isdem
784 483 1006 558 quaestionibus
1024 485 1111 543 ratio.

95 577 161 632 tum
191 573 321 632 secundo
351 572 455 650 gradu,
484 591 544 630 non
575 571 708 648 potuisse
742 571 848 631 donari
871 592 889 630 a
911 574 1023 630 victore
1054 575 1112 647 ius,
1125 575 1188 631 ne

71 662 167 739 aquia
186 661 218 720 id
242 661 360 719 demum
383 663 423 720 sit
446 663 519 734 eius,
543 660 622 736 quod
640 663 756 720 teneat:
779 663 836 736 ius,
860 661 940 737 quod
958 663 999 720 sit
1016 662 1112 721 incor-

96 752 209 827 porale,
232 749 378 827 adprendi
400 769 490 808 manu
512 769 572 808 non
599 768 695 824 posse.
722 751 778 809 hoo
805 752 935 826 reperire
964 753 1008 809 est
1035 749 1113 808 diffi-

96 841 184 899 cilius
208 859 309 915 quam,
332 859 398 898 cum
419 840 578 912 inveneris,
601 841 787 916 argumentis
806 840 958 913 adiuvare,
990 843 1024 897 ut
1052 839 1113 898 alia

97 932 135 990 sit
157 929 294 989 condicio
316 929 444 1003 heredis,
467 929 528 987 alia
550 928 683 1001 victoris,
711 929 782 1004 quia
811 929 849 987 ad
876 929 963 987 illum
990 931 1046 1003 ius,
1074 929 1113 987 ad

96 1019 174 1077 hunc
197 1037 245 1077 res
268 1020 410 1077 transeat.
432 1018 589 1093 proprium
612 1017 718 1076 deinde
741 1018 893 1094 materiae,
920 1020 967 1075 ius
996 1018 1112 1093 publici
1126 1024 1185 1080 11⁷

66 1128 86 1167 ro
98 1107 203 1167 crediti
226 1108 355 1166 transire
378 1107 418 1165 ad
438 1109 582 1165 victorem
605 1126 664 1165 non
687 1109 831 1182 potuisse,
860 1107 930 1182 quia
958 1108 1038 1182 quod
1060 1126 1112 1183 po-

96 1198 184 1273 pulus
208 1196 383 1271 crediderit,
410 1195 549 1254 omnibus
576 1194 727 1268 debeatur,
755 1200 793 1270 et,
821 1196 964 1271 quamdiu
987 1196 1113 1271 quilibet

97 1306 171 1346 unus
196 1286 387 1360 superfuerit,
411 1304 474 1344 esse
497 1303 565 1342 eum
579 1285 672 1343 totius
687 1303 819 1343 summae
834 1284 1019 1358 creditorem,
1038 1285 1113 1344 The-

96 1375 188 1435 banos
212 1377 314 1433 autem
340 1392 400 1432 non
428 1375 524 1433 omnis
550 1375 583 1432 in
609 1373 773 1432 Alexandri
799 1394 893 1433 manu
923 1374 1023 1433 fuisse.
1055 1375 1187 1436 1106118

96 1485 154 1525 non
179 1465 360 1522 extrinsecus
383 1464 536 1539 probatur,
560 1482 635 1538 quae
659 1465 704 1522 vis
729 1464 774 1521 est
792 1464 970 1539 argumenti,
993 1463 1044 1521 sed
1067 1464 1112 1538 ip-

65 1573 84 1612 u
97 1573 161 1613 sum
184 1573 239 1629 per
262 1571 293 1611 se
315 1555 404 1612 valet.
437 1553 519 1611 tertii
546 1552 605 1610 loci
627 1571 697 1627 pars
730 1554 812 1627 prior
843 1555 939 1630 magis
971 1552 1112 1630 vulgaris,

96 1663 154 1703 non
177 1644 211 1700 in
234 1641 347 1700 tabulis
370 1661 433 1701 esse
455 1643 512 1714 ius,
534 1641 637 1716 itaque
660 1642 763 1700 multis
786 1642 969 1719 argumentis
993 1642 1113 1700 defendi

96 1734 203 1809 potest.
232 1749 316 1789 mens
345 1749 461 1806 quoque
493 1730 657 1788 Alexandri
694 1730 762 1789 duci
798 1731 885 1790 debet
916 1732 948 1789 in
980 1731 1113 1805 dubium,

95 1822 252 1881 honorarit
284 1838 333 1879 eos
366 1840 404 1879 an
436 1819 593 1894 deceperit.
622 1819 701 1878 illud
731 1820 793 1879 iam
824 1839 926 1879 rursus
959 1821 1112 1897 proprium

96 1912 241 1969 materiae
271 1912 301 1967 et
327 1910 411 1968 velut
437 1927 532 1968 novae
561 1911 788 1984 controversiae,
816 1909 897 1985 quod
923 1911 1114 1969 restitutione

63 2019 85 2058 ro
97 2001 242 2075 recepisse
265 2001 323 2067 ius,
346 2000 437 2057 etiam
460 2000 487 2056 si
510 1998 589 2072 quod
613 2000 775 2072 amiserint,
804 1998 938 2057 Thebani
965 1998 1112 2057 videntur.

96 2089 143 2148 hic
167 2090 198 2147 et
221 2087 295 2162 quid
318 2086 467 2145 Casander
490 2087 564 2145 velit
583 2088 745 2162 quaeritur,
769 2089 886 2146 sedvel
905 2088 1114 2163 potentissima

96 2178 175 2254 apud
200 2178 437 2253 Amphictyonas
461 2178 550 2252 aequi
572 2176 713 2236 tractatio
738 2178 791 2235 est.

162 2267 247 2325 Haec
269 2286 329 2324 non
351 2264 462 2325 idcirco
486 2265 561 2338 dicu,
585 2265 664 2340 quod
687 2266 825 2323 inutilem
844 2265 949 2324 horum
967 2265 1109 2339 locorum,
1125 2271 1187 2326 llo

96 2376 131 2414 ex
151 2356 258 2431 quibus
273 2357 450 2432 argumenta
469 2354 625 2428 ducuntur,
649 2357 849 2431 cognitionem
868 2356 979 2430 putem,
998 2354 1112 2429 alioqui

64 2463 151 2503 nnec
174 2444 373 2518 tradidissem,
396 2443 507 2503 sedne
531 2463 570 2516 se,
595 2446 646 2519 qui
670 2444 864 2521 cognoverint
878 2445 945 2517 ista,
968 2445 995 2502 si
1013 2445 1112 2502 cetera

96 2534 266 2612 neglegant,
289 2534 436 2609 perfectos
463 2534 599 2608 protinus
633 2537 723 2609 atque
756 2535 976 2592 consummatos
1004 2535 1114 2608 putent

97 2626 135 2699 61,
158 2622 217 2682 nisi
241 2623 272 2680 in
296 2624 409 2696 ceteris,
439 2642 515 2697 quae
537 2641 606 2681 mox
629 2621 838 2698 praecipienda
866 2625 949 2697 sunt,
978 2621 1114 2680 elabora-

97 2714 204 2786 verint,
230 2715 347 2770 mutam
372 2711 523 2787 quandam
546 2711 700 2769 scientiam
725 2714 896 2771 consecutos
924 2711 1112 2788 intellegant.

97 2821 191 2877 neque
216 2800 296 2858 enim
319 2800 433 2859 artibus
458 2801 545 2860 editis
570 2800 684 2858 factum
708 2804 761 2874 661,
792 2803 828 2859 ut
859 2804 1035 2878 argumenta
1064 2802 1108 2859 in·
1124 2806 1188 2862 1211

63 2908 84 2949 u
97 2890 273 2964 veniremus,
297 2888 348 2948 sod
362 2890 442 2949 dicta
461 2894 531 2949 sunt
549 2891 658 2962 omnia,
682 2893 844 2965 antequam
861 2889 1113 2966 praeciperentur,

96 2999 165 3038 mox
189 2997 225 3037 ea
247 2980 405 3054 scriptores
429 2979 587 3038 observata
610 2982 640 3037 et
663 2979 797 3038 conlecta
820 2979 986 3038 ediderunt.
1028 2979 1113 3038 cuius

95 3071 139 3128 rei
162 3067 300 3145 probatio
325 3070 378 3143 est,
406 3069 486 3143 quod
510 3070 651 3143 exemplis
676 3088 777 3127 eorum
806 3068 954 3128 veteribus
983 3071 1113 3126 utuntur

96 3162 125 3216 et
150 3157 186 3216 ab
212 3157 378 3217 oratoribus
397 3158 452 3215 illa
470 3160 619 3234 repetunt,
642 3159 702 3233 ipsi
720 3158 835 3215 nullum
854 3177 964 3215 novum
984 3161 1013 3215 et
1032 3156 1112 3232 quod

96 3247 208 3307 dictum
232 3265 291 3304 non
314 3248 354 3306 sit
376 3247 540 3305 inveniunt.
564 3247 692 3306 artifices
717 3266 786 3324 ergo
809 3247 864 3322 illi,
888 3247 941 3322 qui
963 3247 1112 3305 dixerunt.
1125 3250 1184 3307 121

168 3449 375 3505 3ratioeit1'
445 3451 553 3522 teius]
569 3451 594 3504 ei
609 3462 636 3505 B
708 3451 873 3520 treprendi
886 3461 909 3503 A
926 3453 930 3521 Ι
947 3454 990 3506 661
1003 3469 1046 3507 om
1060 3462 1117 3506 BP

169 3527 202 3574 25
221 3538 257 3574 ne
276 3539 305 3575 se
323 3521 399 3576 AP':
419 3540 454 3576 ne
474 3523 497 3576 si
516 3523 581 3576 111)ι
654 3530 688 3577 26
707 3542 735 3594 p.
755 3542 783 3579 66
802 3522 933 3594 protinus
953 3533 1005 3576 81²
