2460 3854
48 134 51 221 j
439 136 486 191 VI.
506 135 665 191 Paeona.
686 143 781 192 31—13.
811 163 814 166 >
1051 138 1116 203 309

48 294 51 319 '
107 304 248 381 flosculos,
273 308 350 366 siout
372 307 463 383 prior,
490 305 541 366 sed
569 306 630 365 iam
657 305 804 366 decimum
831 308 940 366 aetatis
967 308 1139 385 ingressus

108 397 219 455 annum
243 394 340 454 certos
363 413 398 454 ac
421 395 603 456 deformatos
625 397 740 455 fructus
764 397 943 455 ostenderat.
974 399 1041 457 iuro
1064 416 1119 473 per

133 485 182 544 ala
205 503 283 558 mea,
314 504 367 561 per
394 485 544 545 infelicem
576 487 798 560 conscientiam,
829 504 884 560 per
914 485 984 545 illos
1006 505 1117 560 manes,

104 575 229 632 numina
250 575 310 632 mei
333 573 452 649 doloris,
479 576 534 633 has
556 593 604 631 me
633 575 666 632 in
692 574 747 633 illo
775 574 886 633 vidisse
913 575 1041 634 virtutes
1072 576 1117 632 in-

48 708 50 724 .
86 663 182 740 egenii
214 681 275 722 non
307 662 394 721 modo
427 664 466 722 ad
497 663 702 738 percipiendas
735 662 920 738 disciplinas,
951 683 1010 739 quo
1042 663 1118 722 nihil

103 753 304 828 praestantius
328 754 456 830 cognovi
476 753 608 827 plurima
631 755 777 828 expertus,
800 752 950 828 studiique
972 754 1034 811 iem
1051 756 1117 811 tum

102 861 159 901 non
184 842 282 899 coacti
305 832 418 921 (sciunt
439 834 670 922 praeceptores),
702 841 754 901 sed
780 841 953 918 probitatis,
972 843 1117 917 pietatis,

48 1000 51 1007 Ι
103 931 308 1003 humanitatis,
331 929 531 1005 liberalitatis,
553 933 589 988 ut
611 949 732 1005 prorsus
750 937 851 1004 posset
864 930 945 988 hinc'
957 949 1020 990 esse
1038 932 1118 990 tanti

104 1021 238 1077 fulminis
257 1021 363 1093 metus,
387 1019 466 1095 quod
485 1019 674 1078 observatum
697 1019 759 1078 fere
777 1024 823 1079 est
842 1020 965 1079 celerius
984 1020 1117 1080 occidere

76 1127 93 1166 6
104 1108 276 1168 festinatam
299 1109 506 1167 maturitatem
533 1111 564 1167 61
596 1127 658 1168 6666
688 1108 787 1169 666616
815 1127 919 1184 quam,
947 1127 1023 1183 quae
1050 1127 1116 1183 spes

103 1200 202 1256 tantas
226 1197 374 1273 decerpat,
397 1197 552 1272 invidiam,
575 1217 612 1256 ne
630 1198 771 1257 videlicet
784 1198 874 1271 ultre,
898 1216 987 1272 quam
1002 1199 1117 1255 homini

104 1286 205 1345 datum
230 1290 283 1359 est,
306 1288 409 1345 nostra
431 1286 642 1362 provehantur.
667 1289 759 1345 etiam
776 1286 829 1344 illa
848 1287 974 1344 fortuita
993 1287 1118 1346 aderant
1132 1287 1168 1340 11

104 1377 211 1448 omnia,
238 1375 319 1434 vocis
346 1375 518 1434 iucunditas
546 1376 741 1451 claritasque,
771 1377 831 1434 oris
860 1378 993 1434 suavitas
1007 1416 1009 1422 -
1024 1378 1054 1434 61
1085 1377 1116 1433 16

102 1464 228 1540 utraque
251 1465 364 1541 lingua,
387 1467 543 1540 tamquam
566 1465 604 1523 ed
629 1483 694 1523 eam
708 1463 834 1523 ‘demum
852 1468 940 1524 natus
960 1466 1046 1537 esset,
1069 1483 1116 1523 ex·

70 1569 90 1610 u
103 1572 205 1628 pressa
228 1555 395 1629 proprietas
419 1556 552 1612 omnium
574 1554 753 1612 litterarum.
777 1553 828 1612 sed
846 1554 902 1612 hae
921 1572 987 1628 spes
1007 1554 1116 1613 adhuc:

101 1643 154 1702 illa
177 1642 302 1717 maiora,
325 1644 503 1718 constantia,
533 1643 676 1720 gravitas,
699 1645 802 1701 contra
826 1642 941 1701 dolores
965 1644 1056 1702 etiam
1079 1662 1115 1701 66

101 1735 198 1791 metus
222 1731 321 1790 robur.
345 1751 415 1790 nam
439 1750 499 1807 quo
522 1731 575 1790 1116
599 1733 709 1805 animo,
732 1750 792 1806 qua
814 1732 997 1790 medicorum
1021 1732 1114 1791 admi-

101 1823 217 1880 ratione
240 1839 375 1879 mensum
399 1823 466 1881 octo
489 1821 691 1879 valetudinem
714 1821 799 1878 tulit!
826 1824 861 1879 ut
883 1840 930 1879 me
954 1821 985 1879 in
1013 1840 1114 1896 supre-

100 1912 157 1969 mis
191 1911 361 1970 consolatus
393 1911 450 1969 est!
488 1929 578 1984 quarn
611 1912 703 1968 etiam
733 1909 871 1969 deficiens
903 1912 1023 1985 iamque
1054 1929 1114 1968 non
1150 1919 1154 1926 '

63 2013 89 2057 ao
101 2001 202 2058 noster
225 1999 323 2074 ipsum
346 1999 431 2057 illum
457 1999 604 2058 alienatae
617 2000 726 2058 mentis
745 2018 874 2057 errorem
893 1999 971 2058 circa
991 2000 1115 2073 scholae,

100 2088 219 2146 litteras
256 2088 373 2147 habuit!
415 2092 521 2147 tuosne
558 2107 626 2165 ego,
655 2107 672 2147 ο
704 2106 788 2147 meae
821 2106 888 2163 spes
924 2090 1044 2162 inanes,
1072 2086 1169 2147 16-12

99 2176 197 2236 bentis
222 2177 331 2251 oculos,
358 2180 444 2235 tuum
467 2178 632 2255 fugientem
661 2178 801 2251 spiritum
829 2174 913 2235 vidi?
940 2180 1025 2235 tuum
1054 2195 1116 2236 cor-

98 2285 154 2341 pus
200 2265 357 2342 frigidum,
403 2284 551 2344 exsangue
592 2267 762 2343 complexus
812 2267 941 2325 animam
985 2267 1115 2342 recipere

99 2356 262 2429 auramque
309 2374 493 2414 communem
538 2357 657 2415 haurire
700 2355 828 2430 amplius
869 2357 966 2430 potui,
1008 2355 1115 2433 dignus

60 2464 85 2504 aa
98 2445 145 2504 his
192 2444 387 2518 cruciatibus,
433 2464 508 2520 quos
553 2447 631 2520 fero,
677 2445 784 2524 dignus
834 2445 880 2503 his
927 2445 1115 2522 cogitationi-

98 2531 174 2592 bus?
198 2537 266 2592 tene
285 2534 435 2592 consulari
458 2554 553 2609 nuper
576 2534 734 2609 adoptione
759 2534 796 2593 ad
821 2536 954 2591 omnium
977 2553 1043 2608 spes
1063 2531 1169 2593 tro-18

97 2642 205 2682 norum
242 2625 364 2697 propius
398 2623 560 2697 admotum,
589 2624 619 2681 16
643 2623 790 2682 avunculo
813 2624 946 2698 praetori
975 2642 1116 2701 generum

97 2712 295 2784 destinatum,
331 2715 361 2770 16
392 2709 539 2787 [omnium
562 2708 642 2786 spes]
668 2712 767 2771 aritae
795 2713 982 2788 eloquentiae
1015 2712 1115 2772 candi·

97 2801 203 2860 datum
221 2804 371 2875 superstes
389 2819 497 2875 parens
515 2803 634 2858 tantum
652 2795 674 2877 †
692 2819 803 2875 poenes
822 2805 860 2860 et.
884 2803 988 2860 sinon
1007 2802 1114 2877 cupido

56 2891 183 2963 6616616,
207 2893 285 2948 certe
303 2890 452 2964 patientia
475 2889 607 2948 vindicet
629 2891 659 2946 to
681 2890 797 2965 reliqua
820 2893 893 2949 mea
910 2893 1020 2963 aetate,
1044 2911 1115 2951 narn

97 2980 210 3038 frustra
233 2979 314 3037 mala
338 2980 439 3038 omnia
462 2979 499 3037 ad
523 2980 634 3036 crimen
657 2978 795 3038 fortunae
824 2980 998 3057 relegamus.
1027 3000 1113 3039 nemo

170 3173 187 3220 4
205 3167 257 3220 hae
276 3168 308 3234 cf
318 3184 340 3235 p
360 3172 420 3232 244,
440 3172 473 3219 26
547 3170 563 3217 8
582 3182 682 3233 prosus
700 3175 723 3217 A
740 3170 744 3235 Ι
760 3168 856 3234 666661
872 3167 988 3222 Gesner:
1005 3167 1110 3239 6666111

96 3240 164 3294 hinc
184 3240 302 3310 Regias:
331 3238 378 3291 hic
465 3244 498 3291 14
516 3240 637 3304 utraque
656 3238 776 3291 Boeoell
794 3237 825 3289 iu
844 3239 930 3293 leco
958 3255 1113 3306 expressos:

96 3314 283 3377 utracumque
366 3314 398 3363 19
418 3309 532 3378 iamque
555 3319 583 3362 V:
603 3324 744 3376 quamque
763 3309 813 3362 rell
903 3309 1113 3363 216611116666

97 3384 203 3437 Meiser
284 3387 317 3435 21
332 3381 448 3449 propius
467 3382 616 3436 Buecheler
636 3379 848 3448 1166666666
935 3386 968 3434 28
988 3381 1114 3435 omnium

96 3470 161 3522 spes
181 3454 233 3507 6661
252 3452 388 3522 Spalding
405 3455 409 3521 Ι
426 3452 518 3506 avitae
537 3454 687 3507 Erasmus:
714 3452 796 3504 acute
819 3468 880 3505 corr
899 3462 926 3504 Ρ
943 3454 1043 3506 666166
1064 3460 1116 3513 om

96 3524 278 3579 cernerer
348 3528 381 3577 29
402 3524 438 3577 ad
456 3540 562 3594 poenas
584 3524 681 3592 Vollo;
696 3523 752 3591 fort
765 3523 882 3576 tantum
890 3523 1003 3592 ploret‘t
1021 3523 1125 3574 61666
