<?xml version="1.0" encoding="UTF-8"?>
<!DOCTYPE html PUBLIC "-//W3C//DTD XHTML 1.0 Transitional//EN"
    "http://www.w3.org/TR/xhtml1/DTD/xhtml1-transitional.dtd">
<html xmlns="http://www.w3.org/1999/xhtml" xml:lang="en" lang="en">
 <head>
  <title>
</title>
<meta http-equiv="Content-Type" content="text/html;charset=utf-8" />
  <meta name='ocr-system' content='tesseract 3.04.00' />
  <meta name='ocr-capabilities' content='ocr_page ocr_carea ocr_par ocr_line ocrx_word'/>
</head>
<body>
  <div class='ocr_page' id='page_1' title='image "./mfabiqvintilian00quingoog_0236.png"; bbox 0 0 2460 3854; ppageno 0'>
   <div class='ocr_carea' id='block_1_1' title="bbox 485 107 1114 176">
    <p class='ocr_par' dir='ltr' id='par_1_1' title="bbox 485 107 1114 176">
     <span class='ocr_line' id='line_1_1' title="bbox 485 107 1114 176; baseline 0 -14"><span class='ocrx_word' id='word_1_1' title='bbox 485 107 534 163; x_wconf 84' lang='lat' dir='ltr'>IV.</span> <span class='ocrx_word' id='word_1_2' title='bbox 554 114 580 176; x_wconf 79' lang='lat' dir='ltr'>a,</span> <span class='ocrx_word' id='word_1_3' title='bbox 595 112 726 163; x_wconf 80' lang='lat' dir='ltr'>91-1oe.</span> <span class='ocrx_word' id='word_1_4' title='bbox 1049 108 1114 172; x_wconf 78' lang='lat'>217</span> 
     </span>
    </p>
   </div>
   <div class='ocr_carea' id='block_1_2' title="bbox 48 273 1192 3027">
    <p class='ocr_par' dir='ltr' id='par_1_2' title="bbox 97 273 1191 710">
     <span class='ocr_line' id='line_1_2' title="bbox 124 273 1191 355; baseline 0.002 -23"><span class='ocrx_word' id='word_1_5' title='bbox 124 275 165 335; x_wconf 82' lang='lat' dir='ltr'>illa</span> <span class='ocrx_word' id='word_1_6' title='bbox 180 278 390 338; x_wconf 82' lang='lat' dir='ltr'>controversia:</span> <span class='ocrx_word' id='word_1_7' title='bbox 424 273 510 336; x_wconf 73' lang='lat' dir='ltr'>‘uxor</span> <span class='ocrx_word' id='word_1_8' title='bbox 536 277 646 336; x_wconf 86' lang='lat' dir='ltr'>marito</span> <span class='ocrx_word' id='word_1_9' title='bbox 679 278 764 352; x_wconf 80' lang='lat' dir='ltr'>dixit,</span> <span class='ocrx_word' id='word_1_10' title='bbox 797 278 982 355; x_wconf 79' lang='lat' dir='ltr'>appellatam</span> <span class='ocrx_word' id='word_1_11' title='bbox 1014 297 1045 338; x_wconf 91' lang='lat' dir='ltr'>se</span> <span class='ocrx_word' id='word_1_12' title='bbox 1078 278 1114 337; x_wconf 88' lang='lat' dir='ltr'>de</span> <span class='ocrx_word' id='word_1_13' title='bbox 1148 277 1191 334; x_wconf 75' lang='grc'>08</span> 
     </span>
     <span class='ocr_line' id='line_1_3' title="bbox 122 368 1175 446; baseline 0.002 -23"><span class='ocrx_word' id='word_1_14' title='bbox 122 369 206 442; x_wconf 88' lang='lat' dir='ltr'>stupro</span> <span class='ocrx_word' id='word_1_15' title='bbox 229 386 247 426; x_wconf 89' lang='lat' dir='ltr'>a</span> <span class='ocrx_word' id='word_1_16' title='bbox 269 370 408 446; x_wconf 86' lang='lat' dir='ltr'>privigno</span> <span class='ocrx_word' id='word_1_17' title='bbox 433 371 463 426; x_wconf 90' lang='lat' dir='ltr'>et</span> <span class='ocrx_word' id='word_1_18' title='bbox 490 368 548 426; x_wconf 87' lang='lat' dir='ltr'>sibi</span> <span class='ocrx_word' id='word_1_19' title='bbox 576 370 773 427; x_wconf 88' lang='lat' dir='ltr'>constitutum</span> <span class='ocrx_word' id='word_1_20' title='bbox 799 371 918 444; x_wconf 88' lang='lat' dir='ltr'>tempus</span> <span class='ocrx_word' id='word_1_21' title='bbox 946 371 976 426; x_wconf 90' lang='lat' dir='ltr'>et</span> <span class='ocrx_word' id='word_1_22' title='bbox 1003 369 1114 426; x_wconf 90' lang='lat' dir='ltr'>locum:</span> <span class='ocrx_word' id='word_1_23' title='bbox 1172 402 1175 411; x_wconf 85' lang='lat'><strong>·</strong></span> 
     </span>
     <span class='ocr_line' id='line_1_4' title="bbox 120 456 1115 529; baseline 0.005 -19"><span class='ocrx_word' id='word_1_24' title='bbox 120 456 205 515; x_wconf 84' lang='lat' dir='ltr'>eadem</span> <span class='ocrx_word' id='word_1_25' title='bbox 228 459 332 516; x_wconf 87' lang='lat' dir='ltr'>contra</span> <span class='ocrx_word' id='word_1_26' title='bbox 354 457 434 515; x_wconf 91' lang='lat' dir='ltr'>filius</span> <span class='ocrx_word' id='word_1_27' title='bbox 457 457 566 516; x_wconf 89' lang='lat' dir='ltr'>detulit</span> <span class='ocrx_word' id='word_1_28' title='bbox 589 457 625 515; x_wconf 93' lang='lat' dir='ltr'>de</span> <span class='ocrx_word' id='word_1_29' title='bbox 648 475 784 529; x_wconf 84' lang='lat' dir='ltr'>noverca,</span> <span class='ocrx_word' id='word_1_30' title='bbox 808 456 887 516; x_wconf 90' lang='lat' dir='ltr'>edito</span> <span class='ocrx_word' id='word_1_31' title='bbox 910 459 1031 515; x_wconf 87' lang='lat' dir='ltr'>tantum</span> <span class='ocrx_word' id='word_1_32' title='bbox 1055 458 1115 515; x_wconf 86' lang='lat' dir='ltr'>alio</span> 
     </span>
     <span class='ocr_line' id='line_1_5' title="bbox 118 546 1115 622; baseline 0.002 -20"><span class='ocrx_word' id='word_1_33' title='bbox 118 549 232 620; x_wconf 83' lang='lat' dir='ltr'>tenpore</span> <span class='ocrx_word' id='word_1_34' title='bbox 256 564 291 605; x_wconf 88' lang='lat' dir='ltr'>ac</span> <span class='ocrx_word' id='word_1_35' title='bbox 320 547 400 605; x_wconf 91' lang='lat' dir='ltr'>loco:</span> <span class='ocrx_word' id='word_1_36' title='bbox 431 549 518 621; x_wconf 87' lang='lat' dir='ltr'>pater</span> <span class='ocrx_word' id='word_1_37' title='bbox 548 546 582 604; x_wconf 89' lang='lat' dir='ltr'>in</span> <span class='ocrx_word' id='word_1_38' title='bbox 609 564 658 619; x_wconf 92' lang='lat' dir='ltr'>eo,</span> <span class='ocrx_word' id='word_1_39' title='bbox 691 565 778 622; x_wconf 91' lang='lat' dir='ltr'>quem</span> <span class='ocrx_word' id='word_1_40' title='bbox 810 566 886 604; x_wconf 85' lang='lat' dir='ltr'>uxor</span> <span class='ocrx_word' id='word_1_41' title='bbox 918 546 1115 621; x_wconf 79' lang='lat' dir='ltr'>praedixerat,</span> 
     </span>
     <span class='ocr_line' id='line_1_6' title="bbox 97 632 1116 710; baseline 0.002 -20"><span class='ocrx_word' id='word_1_42' title='bbox 97 632 196 692; x_wconf 78' lang='lat' dir='ltr'>silium</span> <span class='ocrx_word' id='word_1_43' title='bbox 218 636 344 708; x_wconf 89' lang='lat' dir='ltr'>invenit,</span> <span class='ocrx_word' id='word_1_44' title='bbox 365 635 398 694; x_wconf 88' lang='lat' dir='ltr'>in</span> <span class='ocrx_word' id='word_1_45' title='bbox 422 655 464 709; x_wconf 87' lang='lat' dir='ltr'>eo,</span> <span class='ocrx_word' id='word_1_46' title='bbox 489 653 578 710; x_wconf 91' lang='lat' dir='ltr'>quem</span> <span class='ocrx_word' id='word_1_47' title='bbox 600 634 689 707; x_wconf 91' lang='lat' dir='ltr'>filius,</span> <span class='ocrx_word' id='word_1_48' title='bbox 710 653 846 694; x_wconf 90' lang='lat' dir='ltr'>uxorem:</span> <span class='ocrx_word' id='word_1_49' title='bbox 869 636 954 694; x_wconf 89' lang='lat' dir='ltr'>illam</span> <span class='ocrx_word' id='word_1_50' title='bbox 977 635 1116 710; x_wconf 86' lang='lat' dir='ltr'>repudia-</span> 
     </span>
    </p>

    <p class='ocr_par' dir='ltr' id='par_1_3' title="bbox 48 719 1191 800">
     <span class='ocr_line' id='line_1_7' title="bbox 48 719 1191 800; baseline -0.006 -15"><span class='ocrx_word' id='word_1_51' title='bbox 48 762 50 785; x_wconf 76' lang='lat' dir='ltr'>l</span> <span class='ocrx_word' id='word_1_52' title='bbox 113 725 161 782; x_wconf 84' lang='lat' dir='ltr'>rit:</span> <span class='ocrx_word' id='word_1_53' title='bbox 182 742 241 800; x_wconf 89' lang='lat' dir='ltr'>qua</span> <span class='ocrx_word' id='word_1_54' title='bbox 263 726 382 783; x_wconf 90' lang='lat' dir='ltr'>tacente</span> <span class='ocrx_word' id='word_1_55' title='bbox 404 724 501 782; x_wconf 88' lang='lat' dir='ltr'>filium</span> <span class='ocrx_word' id='word_1_56' title='bbox 524 719 664 784; x_wconf 88' lang='lat' dir='ltr'>abdicat&#39;.</span> <span class='ocrx_word' id='word_1_57' title='bbox 688 724 766 781; x_wconf 91' lang='lat' dir='ltr'>nihil</span> <span class='ocrx_word' id='word_1_58' title='bbox 790 722 848 783; x_wconf 89' lang='lat' dir='ltr'>dici</span> <span class='ocrx_word' id='word_1_59' title='bbox 871 727 971 800; x_wconf 88' lang='lat' dir='ltr'>potest</span> <span class='ocrx_word' id='word_1_60' title='bbox 993 743 1047 800; x_wconf 91' lang='lat' dir='ltr'>pro</span> <span class='ocrx_word' id='word_1_61' title='bbox 1070 726 1116 782; x_wconf 94' lang='lat' dir='ltr'>iu·</span> <span class='ocrx_word' id='word_1_62' title='bbox 1149 724 1191 778; x_wconf 81' lang='grc'>00</span> 
     </span>
    </p>

    <p class='ocr_par' dir='ltr' id='par_1_4' title="bbox 48 812 1116 1068">
     <span class='ocr_line' id='line_1_8' title="bbox 48 812 1116 890; baseline 0 -20"><span class='ocrx_word' id='word_1_63' title='bbox 48 842 50 847; x_wconf 93' lang='grc'><strong><em>·</em></strong></span> <span class='ocrx_word' id='word_1_64' title='bbox 111 831 182 888; x_wconf 85' lang='lat' dir='ltr'>rene,</span> <span class='ocrx_word' id='word_1_65' title='bbox 206 812 287 888; x_wconf 93' lang='lat' dir='ltr'>quod</span> <span class='ocrx_word' id='word_1_66' title='bbox 309 832 369 872; x_wconf 89' lang='lat' dir='ltr'>non</span> <span class='ocrx_word' id='word_1_67' title='bbox 398 813 479 872; x_wconf 89' lang='lat' dir='ltr'>idem</span> <span class='ocrx_word' id='word_1_68' title='bbox 507 814 547 872; x_wconf 91' lang='lat' dir='ltr'>sit</span> <span class='ocrx_word' id='word_1_69' title='bbox 577 832 632 888; x_wconf 91' lang='lat' dir='ltr'>pro</span> <span class='ocrx_word' id='word_1_70' title='bbox 664 831 805 886; x_wconf 68' lang='lat' dir='ltr'>noverca,</span> <span class='ocrx_word' id='word_1_71' title='bbox 833 817 984 890; x_wconf 88' lang='lat' dir='ltr'>ponentur</span> <span class='ocrx_word' id='word_1_72' title='bbox 1014 815 1116 871; x_wconf 88' lang='lat' dir='ltr'>tamen</span> 
     </span>
     <span class='ocr_line' id='line_1_9' title="bbox 108 901 1116 978; baseline 0.001 -19"><span class='ocrx_word' id='word_1_73' title='bbox 108 904 192 960; x_wconf 89' lang='lat' dir='ltr'>etiam</span> <span class='ocrx_word' id='word_1_74' title='bbox 223 903 402 977; x_wconf 86' lang='lat' dir='ltr'>communia,</span> <span class='ocrx_word' id='word_1_75' title='bbox 446 901 552 961; x_wconf 91' lang='lat' dir='ltr'>deinde</span> <span class='ocrx_word' id='word_1_76' title='bbox 594 921 629 961; x_wconf 85' lang='lat' dir='ltr'>ex</span> <span class='ocrx_word' id='word_1_77' title='bbox 669 920 864 978; x_wconf 85' lang='lat' dir='ltr'>personarum</span> <span class='ocrx_word' id='word_1_78' title='bbox 904 902 1116 978; x_wconf 80' lang='lat' dir='ltr'>conparatione</span> 
     </span>
     <span class='ocr_line' id='line_1_10' title="bbox 106 990 1115 1068; baseline -0.001 -19"><span class='ocrx_word' id='word_1_79' title='bbox 106 995 131 1049; x_wconf 88' lang='lat' dir='ltr'>et</span> <span class='ocrx_word' id='word_1_80' title='bbox 152 991 258 1050; x_wconf 88' lang='lat' dir='ltr'>indicii</span> <span class='ocrx_word' id='word_1_81' title='bbox 281 990 384 1050; x_wconf 86' lang='lat' dir='ltr'>ordine</span> <span class='ocrx_word' id='word_1_82' title='bbox 407 995 438 1049; x_wconf 89' lang='lat' dir='ltr'>et</span> <span class='ocrx_word' id='word_1_83' title='bbox 460 992 579 1050; x_wconf 87' lang='lat' dir='ltr'>silentio</span> <span class='ocrx_word' id='word_1_84' title='bbox 602 991 777 1067; x_wconf 78' lang='lat' dir='ltr'>repudiatae</span> <span class='ocrx_word' id='word_1_85' title='bbox 809 996 986 1068; x_wconf 83' lang='lat' dir='ltr'>argumenta</span> <span class='ocrx_word' id='word_1_86' title='bbox 1009 991 1115 1050; x_wconf 88' lang='lat' dir='ltr'>ducen-</span> 
     </span>
    </p>

    <p class='ocr_par' dir='ltr' id='par_1_5' title="bbox 74 1079 1192 1512">
     <span class='ocr_line' id='line_1_11' title="bbox 74 1079 1192 1156; baseline -0.003 -19"><span class='ocrx_word' id='word_1_87' title='bbox 74 1084 157 1138; x_wconf 84' lang='lat' dir='ltr'>1ctur.</span> <span class='ocrx_word' id='word_1_88' title='bbox 181 1099 218 1139; x_wconf 93' lang='lat' dir='ltr'>ne</span> <span class='ocrx_word' id='word_1_89' title='bbox 240 1081 318 1138; x_wconf 89' lang='lat' dir='ltr'>illud</span> <span class='ocrx_word' id='word_1_90' title='bbox 342 1079 463 1155; x_wconf 91' lang='lat' dir='ltr'>quidem</span> <span class='ocrx_word' id='word_1_91' title='bbox 486 1081 624 1156; x_wconf 84' lang='lat' dir='ltr'>ignorare</span> <span class='ocrx_word' id='word_1_92' title='bbox 647 1083 774 1155; x_wconf 83' lang='lat' dir='ltr'>oportet,</span> <span class='ocrx_word' id='word_1_93' title='bbox 798 1080 945 1156; x_wconf 86' lang='lat' dir='ltr'>quaedam</span> <span class='ocrx_word' id='word_1_94' title='bbox 963 1099 1025 1140; x_wconf 91' lang='lat' dir='ltr'>esse</span> <span class='ocrx_word' id='word_1_95' title='bbox 1040 1099 1115 1156; x_wconf 86' lang='lat' dir='ltr'>qnae</span> <span class='ocrx_word' id='word_1_96' title='bbox 1130 1079 1192 1134; x_wconf 93' lang='grc'><strong>100</strong></span> 
     </span>
     <span class='ocr_line' id='line_1_12' title="bbox 102 1169 1117 1244; baseline 0 -16"><span class='ocrx_word' id='word_1_97' title='bbox 102 1171 230 1228; x_wconf 88' lang='lat' dir='ltr'>colorem</span> <span class='ocrx_word' id='word_1_98' title='bbox 252 1187 312 1228; x_wconf 89' lang='lat' dir='ltr'>non</span> <span class='ocrx_word' id='word_1_99' title='bbox 335 1170 492 1244; x_wconf 70' lang='lat' dir='ltr'>recipiant,</span> <span class='ocrx_word' id='word_1_100' title='bbox 515 1169 567 1228; x_wconf 90' lang='lat' dir='ltr'>sed</span> <span class='ocrx_word' id='word_1_101' title='bbox 589 1172 708 1228; x_wconf 90' lang='lat' dir='ltr'>tantum</span> <span class='ocrx_word' id='word_1_102' title='bbox 727 1169 911 1228; x_wconf 88' lang='lat' dir='ltr'>defendenda</span> <span class='ocrx_word' id='word_1_103' title='bbox 926 1171 995 1243; x_wconf 92' lang='lat' dir='ltr'>sint,</span> <span class='ocrx_word' id='word_1_104' title='bbox 1019 1169 1117 1244; x_wconf 89' lang='lat' dir='ltr'>qualis</span> 
     </span>
     <span class='ocr_line' id='line_1_13' title="bbox 100 1257 1117 1336; baseline -0.002 -19"><span class='ocrx_word' id='word_1_105' title='bbox 100 1262 144 1317; x_wconf 90' lang='lat' dir='ltr'>est</span> <span class='ocrx_word' id='word_1_106' title='bbox 167 1259 221 1317; x_wconf 92' lang='lat' dir='ltr'>ille</span> <span class='ocrx_word' id='word_1_107' title='bbox 245 1257 337 1331; x_wconf 87' lang='lat' dir='ltr'>dives,</span> <span class='ocrx_word' id='word_1_108' title='bbox 361 1259 413 1334; x_wconf 92' lang='lat' dir='ltr'>qui</span> <span class='ocrx_word' id='word_1_109' title='bbox 436 1259 732 1334; x_wconf 80' lang='lat' dir='ltr'>statuam&#39;pauperis</span> <span class='ocrx_word' id='word_1_110' title='bbox 754 1259 870 1318; x_wconf 89' lang='lat' dir='ltr'>inimici</span> <span class='ocrx_word' id='word_1_111' title='bbox 892 1259 1020 1336; x_wconf 82' lang='lat' dir='ltr'>flagellis</span> <span class='ocrx_word' id='word_1_112' title='bbox 1044 1258 1117 1316; x_wconf 88' lang='lat' dir='ltr'>ceci·</span> 
     </span>
     <span class='ocr_line' id='line_1_14' title="bbox 99 1346 1116 1406; baseline -0.001 0"><span class='ocrx_word' id='word_1_113' title='bbox 99 1348 145 1406; x_wconf 89' lang='lat' dir='ltr'>dit</span> <span class='ocrx_word' id='word_1_114' title='bbox 168 1350 200 1406; x_wconf 91' lang='lat' dir='ltr'>et</span> <span class='ocrx_word' id='word_1_115' title='bbox 221 1366 290 1406; x_wconf 90' lang='lat' dir='ltr'>reus</span> <span class='ocrx_word' id='word_1_116' title='bbox 319 1350 365 1406; x_wconf 90' lang='lat' dir='ltr'>est</span> <span class='ocrx_word' id='word_1_117' title='bbox 391 1346 582 1405; x_wconf 88' lang='lat' dir='ltr'>iniuriarum:</span> <span class='ocrx_word' id='word_1_118' title='bbox 609 1367 678 1405; x_wconf 91' lang='lat' dir='ltr'>nam</span> <span class='ocrx_word' id='word_1_119' title='bbox 708 1349 821 1405; x_wconf 88' lang='lat' dir='ltr'>factum</span> <span class='ocrx_word' id='word_1_120' title='bbox 855 1350 918 1406; x_wconf 87' lang='lat' dir='ltr'>eius</span> <span class='ocrx_word' id='word_1_121' title='bbox 950 1346 1116 1406; x_wconf 89' lang='lat' dir='ltr'>modestum</span> 
     </span>
     <span class='ocr_line' id='line_1_15' title="bbox 99 1436 987 1512; baseline 0.001 -18"><span class='ocrx_word' id='word_1_122' title='bbox 99 1456 163 1497; x_wconf 89' lang='lat' dir='ltr'>essa</span> <span class='ocrx_word' id='word_1_123' title='bbox 187 1455 275 1494; x_wconf 92' lang='lat' dir='ltr'>nemo</span> <span class='ocrx_word' id='word_1_124' title='bbox 299 1436 416 1509; x_wconf 90' lang='lat' dir='ltr'>dixerit,</span> <span class='ocrx_word' id='word_1_125' title='bbox 439 1437 566 1496; x_wconf 82' lang='lat' dir='ltr'>fortasse</span> <span class='ocrx_word' id='word_1_126' title='bbox 588 1440 624 1496; x_wconf 88' lang='lat' dir='ltr'>ut</span> <span class='ocrx_word' id='word_1_127' title='bbox 646 1439 687 1496; x_wconf 89' lang='lat' dir='ltr'>sit</span> <span class='ocrx_word' id='word_1_128' title='bbox 708 1439 808 1495; x_wconf 90' lang='lat' dir='ltr'>tutum</span> <span class='ocrx_word' id='word_1_129' title='bbox 832 1436 987 1512; x_wconf 74' lang='lat' dir='ltr'>optinebit.</span> 
     </span>
    </p>

    <p class='ocr_par' dir='ltr' id='par_1_6' title="bbox 61 1524 1190 1970">
     <span class='ocr_line' id='line_1_16' title="bbox 61 1524 1190 1601; baseline -0.007 -15"><span class='ocrx_word' id='word_1_130' title='bbox 61 1547 85 1586; x_wconf 81' lang='lat' dir='ltr'>n</span> <span class='ocrx_word' id='word_1_131' title='bbox 168 1524 255 1595; x_wconf 84' lang='lat' dir='ltr'>Quod</span> <span class='ocrx_word' id='word_1_132' title='bbox 278 1525 304 1584; x_wconf 90' lang='lat' dir='ltr'>si</span> <span class='ocrx_word' id='word_1_133' title='bbox 325 1544 396 1601; x_wconf 88' lang='lat' dir='ltr'>pars</span> <span class='ocrx_word' id='word_1_134' title='bbox 420 1525 613 1601; x_wconf 85' lang='lat' dir='ltr'>expositionis</span> <span class='ocrx_word' id='word_1_135' title='bbox 637 1546 691 1601; x_wconf 92' lang='lat' dir='ltr'>pro</span> <span class='ocrx_word' id='word_1_136' title='bbox 714 1527 809 1599; x_wconf 86' lang='lat' dir='ltr'>nobis,</span> <span class='ocrx_word' id='word_1_137' title='bbox 841 1545 911 1600; x_wconf 90' lang='lat' dir='ltr'>pars</span> <span class='ocrx_word' id='word_1_138' title='bbox 935 1528 1039 1584; x_wconf 90' lang='lat' dir='ltr'>contra</span> <span class='ocrx_word' id='word_1_139' title='bbox 1061 1545 1115 1584; x_wconf 90' lang='lat' dir='ltr'>nos</span> <span class='ocrx_word' id='word_1_140' title='bbox 1130 1524 1190 1580; x_wconf 89' lang='grc'><strong>101</strong></span> 
     </span>
     <span class='ocr_line' id='line_1_17' title="bbox 98 1614 1117 1690; baseline -0.001 -17"><span class='ocrx_word' id='word_1_141' title='bbox 98 1616 166 1688; x_wconf 90' lang='lat' dir='ltr'>erit,</span> <span class='ocrx_word' id='word_1_142' title='bbox 188 1614 342 1674; x_wconf 87' lang='lat' dir='ltr'>miscenda</span> <span class='ocrx_word' id='word_1_143' title='bbox 366 1614 406 1674; x_wconf 87' lang='lat' dir='ltr'>sit</span> <span class='ocrx_word' id='word_1_144' title='bbox 429 1634 467 1672; x_wconf 88' lang='lat' dir='ltr'>an</span> <span class='ocrx_word' id='word_1_145' title='bbox 486 1614 652 1690; x_wconf 90' lang='lat' dir='ltr'>separanda</span> <span class='ocrx_word' id='word_1_146' title='bbox 674 1615 816 1689; x_wconf 86' lang='lat' dir='ltr'>narratio,</span> <span class='ocrx_word' id='word_1_147' title='bbox 840 1633 907 1673; x_wconf 88' lang='lat' dir='ltr'>cum</span> <span class='ocrx_word' id='word_1_148' title='bbox 925 1617 992 1690; x_wconf 87' lang='lat' dir='ltr'>ipsa</span> <span class='ocrx_word' id='word_1_149' title='bbox 1011 1633 1117 1673; x_wconf 87' lang='lat' dir='ltr'>causae</span> 
     </span>
     <span class='ocr_line' id='line_1_18' title="bbox 99 1703 1117 1780; baseline -0.002 -16"><span class='ocrx_word' id='word_1_150' title='bbox 99 1704 274 1764; x_wconf 84' lang='lat' dir='ltr'>condicione</span> <span class='ocrx_word' id='word_1_151' title='bbox 312 1703 535 1762; x_wconf 88' lang='lat' dir='ltr'>deliberandum</span> <span class='ocrx_word' id='word_1_152' title='bbox 572 1707 626 1762; x_wconf 90' lang='lat' dir='ltr'>est.</span> <span class='ocrx_word' id='word_1_153' title='bbox 665 1723 736 1762; x_wconf 89' lang='lat' dir='ltr'>nam</span> <span class='ocrx_word' id='word_1_154' title='bbox 765 1705 791 1763; x_wconf 92' lang='lat' dir='ltr'>si</span> <span class='ocrx_word' id='word_1_155' title='bbox 818 1704 906 1780; x_wconf 90' lang='lat' dir='ltr'>plura</span> <span class='ocrx_word' id='word_1_156' title='bbox 939 1708 1009 1763; x_wconf 90' lang='lat' dir='ltr'>sunt</span> <span class='ocrx_word' id='word_1_157' title='bbox 1041 1723 1117 1779; x_wconf 92' lang='lat' dir='ltr'>quae</span> 
     </span>
     <span class='ocr_line' id='line_1_19' title="bbox 97 1792 1117 1870; baseline -0.001 -18"><span class='ocrx_word' id='word_1_158' title='bbox 97 1795 217 1870; x_wconf 88' lang='lat' dir='ltr'>nocent,</span> <span class='ocrx_word' id='word_1_159' title='bbox 247 1811 323 1868; x_wconf 90' lang='lat' dir='ltr'>quae</span> <span class='ocrx_word' id='word_1_160' title='bbox 345 1796 471 1869; x_wconf 88' lang='lat' dir='ltr'>prosunt</span> <span class='ocrx_word' id='word_1_161' title='bbox 494 1792 664 1851; x_wconf 88' lang='lat' dir='ltr'>obruentur.</span> <span class='ocrx_word' id='word_1_162' title='bbox 687 1793 790 1868; x_wconf 87' lang='lat' dir='ltr'>itaque</span> <span class='ocrx_word' id='word_1_163' title='bbox 813 1796 886 1851; x_wconf 89' lang='lat' dir='ltr'>tunc</span> <span class='ocrx_word' id='word_1_164' title='bbox 910 1793 1042 1852; x_wconf 81' lang='lat' dir='ltr'>dividere</span> <span class='ocrx_word' id='word_1_165' title='bbox 1066 1812 1117 1869; x_wconf 94' lang='lat' dir='ltr'>op-</span> 
     </span>
     <span class='ocr_line' id='line_1_20' title="bbox 97 1882 1117 1970; baseline -0.003 -28"><span class='ocrx_word' id='word_1_166' title='bbox 97 1885 210 1942; x_wconf 88' lang='lat' dir='ltr'>timum</span> <span class='ocrx_word' id='word_1_167' title='bbox 233 1883 299 1956; x_wconf 88' lang='lat' dir='ltr'>erit,</span> <span class='ocrx_word' id='word_1_168' title='bbox 323 1882 421 1955; x_wconf 86' lang='lat' dir='ltr'>otiis,</span> <span class='ocrx_word' id='word_1_169' title='bbox 445 1901 522 1957; x_wconf 91' lang='lat' dir='ltr'>quae</span> <span class='ocrx_word' id='word_1_170' title='bbox 544 1885 661 1956; x_wconf 89' lang='lat' dir='ltr'>partem</span> <span class='ocrx_word' id='word_1_171' title='bbox 684 1885 819 1940; x_wconf 88' lang='lat' dir='ltr'>nostram</span> <span class='ocrx_word' id='word_1_172' title='bbox 848 1882 1040 1957; x_wconf 87' lang='lat' dir='ltr'>adiuvabunt,</span> <span class='ocrx_word' id='word_1_173' title='bbox 1057 1901 1117 1970; x_wconf 50' lang='lat' dir='ltr'>,ex-</span> 
     </span>
    </p>

    <p class='ocr_par' dir='ltr' id='par_1_7' title="bbox 56 1970 1192 2403">
     <span class='ocr_line' id='line_1_21' title="bbox 56 1970 1116 2049; baseline -0.006 -16"><span class='ocrx_word' id='word_1_174' title='bbox 56 1993 84 2033; x_wconf 72' lang='lat' dir='ltr'>uo</span> <span class='ocrx_word' id='word_1_175' title='bbox 98 1973 208 2049; x_wconf 88' lang='lat' dir='ltr'>positis</span> <span class='ocrx_word' id='word_1_176' title='bbox 233 1973 264 2030; x_wconf 91' lang='lat' dir='ltr'>et</span> <span class='ocrx_word' id='word_1_177' title='bbox 295 1970 476 2030; x_wconf 88' lang='lat' dir='ltr'>confirmatis</span> <span class='ocrx_word' id='word_1_178' title='bbox 507 1971 646 2030; x_wconf 89' lang='lat' dir='ltr'>adversus</span> <span class='ocrx_word' id='word_1_179' title='bbox 677 1973 795 2046; x_wconf 89' lang='lat' dir='ltr'>reliqua</span> <span class='ocrx_word' id='word_1_180' title='bbox 825 1973 872 2029; x_wconf 90' lang='lat' dir='ltr'>uti</span> <span class='ocrx_word' id='word_1_181' title='bbox 900 1970 1048 2045; x_wconf 88' lang='lat' dir='ltr'>remediis,</span> <span class='ocrx_word' id='word_1_182' title='bbox 1080 1971 1116 2028; x_wconf 92' lang='lat' dir='ltr'>de</span> 
     </span>
     <span class='ocr_line' id='line_1_22' title="bbox 98 2059 1192 2138; baseline -0.006 -18"><span class='ocrx_word' id='word_1_183' title='bbox 98 2061 209 2138; x_wconf 90' lang='lat' dir='ltr'>quibus</span> <span class='ocrx_word' id='word_1_184' title='bbox 233 2079 326 2135; x_wconf 87' lang='lat' dir='ltr'>supra</span> <span class='ocrx_word' id='word_1_185' title='bbox 348 2060 460 2119; x_wconf 89' lang='lat' dir='ltr'>dictum</span> <span class='ocrx_word' id='word_1_186' title='bbox 492 2063 544 2119; x_wconf 90' lang='lat' dir='ltr'>est.</span> <span class='ocrx_word' id='word_1_187' title='bbox 569 2060 594 2119; x_wconf 91' lang='lat' dir='ltr'>si</span> <span class='ocrx_word' id='word_1_188' title='bbox 617 2061 705 2136; x_wconf 89' lang='lat' dir='ltr'>plura</span> <span class='ocrx_word' id='word_1_189' title='bbox 727 2060 900 2136; x_wconf 91' lang='lat' dir='ltr'>proderunt,</span> <span class='ocrx_word' id='word_1_190' title='bbox 929 2059 1020 2117; x_wconf 87' lang='lat' dir='ltr'>etiam</span> <span class='ocrx_word' id='word_1_191' title='bbox 1048 2078 1115 2119; x_wconf 92' lang='lat' dir='ltr'>con·</span> <span class='ocrx_word' id='word_1_192' title='bbox 1130 2059 1192 2114; x_wconf 87' lang='grc'>102</span> 
     </span>
     <span class='ocr_line' id='line_1_23' title="bbox 98 2148 1117 2228; baseline -0.001 -19"><span class='ocrx_word' id='word_1_193' title='bbox 98 2152 224 2228; x_wconf 86' lang='lat' dir='ltr'>iungere</span> <span class='ocrx_word' id='word_1_194' title='bbox 247 2148 351 2208; x_wconf 88' lang='lat' dir='ltr'>licebit</span> <span class='ocrx_word' id='word_1_195' title='bbox 374 2168 449 2224; x_wconf 89' lang='lat' dir='ltr'>quae</span> <span class='ocrx_word' id='word_1_196' title='bbox 474 2149 603 2223; x_wconf 89' lang='lat' dir='ltr'>obstant,</span> <span class='ocrx_word' id='word_1_197' title='bbox 634 2151 724 2207; x_wconf 92' lang='lat' dir='ltr'>utin</span> <span class='ocrx_word' id='word_1_198' title='bbox 751 2149 856 2209; x_wconf 89' lang='lat' dir='ltr'>mediis</span> <span class='ocrx_word' id='word_1_199' title='bbox 888 2149 971 2208; x_wconf 82' lang='lat' dir='ltr'>velut</span> <span class='ocrx_word' id='word_1_200' title='bbox 998 2150 1117 2208; x_wconf 87' lang='lat' dir='ltr'>auxiliis</span> 
     </span>
     <span class='ocr_line' id='line_1_24' title="bbox 97 2238 1116 2314; baseline -0.002 -16"><span class='ocrx_word' id='word_1_201' title='bbox 97 2241 211 2299; x_wconf 89' lang='lat' dir='ltr'>nostris</span> <span class='ocrx_word' id='word_1_202' title='bbox 242 2239 342 2314; x_wconf 90' lang='lat' dir='ltr'>posita</span> <span class='ocrx_word' id='word_1_203' title='bbox 370 2241 469 2297; x_wconf 90' lang='lat' dir='ltr'>minus</span> <span class='ocrx_word' id='word_1_204' title='bbox 501 2238 633 2296; x_wconf 85' lang='lat' dir='ltr'>habeant</span> <span class='ocrx_word' id='word_1_205' title='bbox 664 2239 783 2298; x_wconf 83' lang='lat' dir='ltr'>virium.</span> <span class='ocrx_word' id='word_1_206' title='bbox 816 2257 892 2313; x_wconf 90' lang='lat' dir='ltr'>quae</span> <span class='ocrx_word' id='word_1_207' title='bbox 924 2240 1026 2296; x_wconf 88' lang='lat' dir='ltr'>tamen</span> <span class='ocrx_word' id='word_1_208' title='bbox 1057 2257 1116 2296; x_wconf 92' lang='lat' dir='ltr'>non</span> 
     </span>
     <span class='ocr_line' id='line_1_25' title="bbox 99 2327 1116 2403; baseline -0.003 -15"><span class='ocrx_word' id='word_1_209' title='bbox 99 2332 189 2388; x_wconf 91' lang='lat' dir='ltr'>erunt</span> <span class='ocrx_word' id='word_1_210' title='bbox 211 2327 294 2386; x_wconf 92' lang='lat' dir='ltr'>nuda</span> <span class='ocrx_word' id='word_1_211' title='bbox 316 2327 462 2402; x_wconf 88' lang='lat' dir='ltr'>ponenda,</span> <span class='ocrx_word' id='word_1_212' title='bbox 491 2327 542 2386; x_wconf 89' lang='lat' dir='ltr'>sed</span> <span class='ocrx_word' id='word_1_213' title='bbox 565 2330 600 2385; x_wconf 93' lang='lat' dir='ltr'>ut</span> <span class='ocrx_word' id='word_1_214' title='bbox 623 2331 653 2386; x_wconf 89' lang='lat' dir='ltr'>et</span> <span class='ocrx_word' id='word_1_215' title='bbox 675 2330 778 2386; x_wconf 90' lang='lat' dir='ltr'>nostra</span> <span class='ocrx_word' id='word_1_216' title='bbox 801 2327 904 2402; x_wconf 89' lang='lat' dir='ltr'>aliqua</span> <span class='ocrx_word' id='word_1_217' title='bbox 927 2330 1116 2403; x_wconf 84' lang='lat' dir='ltr'>argumenta-</span> 
     </span>
    </p>

    <p class='ocr_par' dir='ltr' id='par_1_8' title="bbox 57 2416 1118 2673">
     <span class='ocr_line' id='line_1_26' title="bbox 57 2416 1117 2491; baseline -0.003 -13"><span class='ocrx_word' id='word_1_218' title='bbox 57 2438 86 2478; x_wconf 78' lang='lat' dir='ltr'>ss</span> <span class='ocrx_word' id='word_1_219' title='bbox 99 2420 184 2478; x_wconf 85' lang='lat' dir='ltr'>tione</span> <span class='ocrx_word' id='word_1_220' title='bbox 207 2416 367 2491; x_wconf 84' lang='lat' dir='ltr'>firmemus,</span> <span class='ocrx_word' id='word_1_221' title='bbox 391 2421 422 2475; x_wconf 91' lang='lat' dir='ltr'>et</span> <span class='ocrx_word' id='word_1_222' title='bbox 444 2416 561 2476; x_wconf 83' lang='lat' dir='ltr'>diversa</span> <span class='ocrx_word' id='word_1_223' title='bbox 584 2435 637 2475; x_wconf 91' lang='lat' dir='ltr'>cur</span> <span class='ocrx_word' id='word_1_224' title='bbox 659 2417 813 2476; x_wconf 90' lang='lat' dir='ltr'>credibilia</span> <span class='ocrx_word' id='word_1_225' title='bbox 836 2436 895 2475; x_wconf 92' lang='lat' dir='ltr'>non</span> <span class='ocrx_word' id='word_1_226' title='bbox 923 2418 984 2476; x_wconf 89' lang='lat' dir='ltr'>sint</span> <span class='ocrx_word' id='word_1_227' title='bbox 1007 2417 1117 2475; x_wconf 88' lang='lat' dir='ltr'>adicia-</span> 
     </span>
     <span class='ocr_line' id='line_1_27' title="bbox 99 2505 1118 2584; baseline 0 -19"><span class='ocrx_word' id='word_1_228' title='bbox 99 2525 176 2582; x_wconf 88' lang='lat' dir='ltr'>mus,</span> <span class='ocrx_word' id='word_1_229' title='bbox 191 2506 272 2582; x_wconf 87' lang='lat' dir='ltr'>quia,</span> <span class='ocrx_word' id='word_1_230' title='bbox 286 2505 345 2565; x_wconf 89' lang='lat' dir='ltr'>nisi</span> <span class='ocrx_word' id='word_1_231' title='bbox 364 2506 594 2580; x_wconf 87' lang='lat' dir='ltr'>distinxerimus,</span> <span class='ocrx_word' id='word_1_232' title='bbox 617 2506 779 2565; x_wconf 88' lang='lat' dir='ltr'>verendum</span> <span class='ocrx_word' id='word_1_233' title='bbox 794 2509 847 2584; x_wconf 87' lang='lat' dir='ltr'>est,</span> <span class='ocrx_word' id='word_1_234' title='bbox 866 2526 903 2564; x_wconf 91' lang='lat' dir='ltr'>ne</span> <span class='ocrx_word' id='word_1_235' title='bbox 921 2506 1000 2564; x_wconf 91' lang='lat' dir='ltr'>bona</span> <span class='ocrx_word' id='word_1_236' title='bbox 1014 2510 1118 2565; x_wconf 88' lang='lat' dir='ltr'>nostra</span> 
     </span>
     <span class='ocr_line' id='line_1_28' title="bbox 99 2594 591 2673; baseline 0 -19"><span class='ocrx_word' id='word_1_237' title='bbox 99 2597 257 2673; x_wconf 83' lang='lat' dir='ltr'>permixtis</span> <span class='ocrx_word' id='word_1_238' title='bbox 280 2595 367 2653; x_wconf 88' lang='lat' dir='ltr'>malis</span> <span class='ocrx_word' id='word_1_239' title='bbox 389 2594 591 2670; x_wconf 91' lang='lat' dir='ltr'>inquinentur.</span> 
     </span>
    </p>

    <p class='ocr_par' dir='ltr' id='par_1_9' title="bbox 100 2682 1192 2847">
     <span class='ocr_line' id='line_1_29' title="bbox 167 2682 1192 2761; baseline -0.007 -17"><span class='ocrx_word' id='word_1_240' title='bbox 167 2685 228 2744; x_wconf 87' lang='lat' dir='ltr'>Illa</span> <span class='ocrx_word' id='word_1_241' title='bbox 250 2703 374 2759; x_wconf 69' lang='lat' dir='ltr'>quoque,</span> <span class='ocrx_word' id='word_1_242' title='bbox 391 2684 427 2742; x_wconf 89' lang='lat' dir='ltr'>de</span> <span class='ocrx_word' id='word_1_243' title='bbox 450 2684 622 2743; x_wconf 84' lang='lat' dir='ltr'>narratione</span> <span class='ocrx_word' id='word_1_244' title='bbox 645 2685 778 2761; x_wconf 87' lang='lat' dir='ltr'>praecipi</span> <span class='ocrx_word' id='word_1_245' title='bbox 801 2686 906 2758; x_wconf 86' lang='lat' dir='ltr'>solent,</span> <span class='ocrx_word' id='word_1_246' title='bbox 933 2703 970 2742; x_wconf 91' lang='lat' dir='ltr'>ne</span> <span class='ocrx_word' id='word_1_247' title='bbox 998 2703 1058 2759; x_wconf 91' lang='lat' dir='ltr'>qua</span> <span class='ocrx_word' id='word_1_248' title='bbox 1081 2703 1116 2740; x_wconf 85' lang='lat' dir='ltr'>ex</span> <span class='ocrx_word' id='word_1_249' title='bbox 1130 2682 1192 2738; x_wconf 73' lang='lat'>103</span> 
     </span>
     <span class='ocr_line' id='line_1_30' title="bbox 100 2773 1119 2847; baseline -0.004 -13"><span class='ocrx_word' id='word_1_250' title='bbox 100 2794 136 2834; x_wconf 88' lang='lat' dir='ltr'>ea</span> <span class='ocrx_word' id='word_1_251' title='bbox 159 2773 216 2834; x_wconf 89' lang='lat' dir='ltr'>fiat</span> <span class='ocrx_word' id='word_1_252' title='bbox 238 2775 381 2846; x_wconf 89' lang='lat' dir='ltr'>excursio,</span> <span class='ocrx_word' id='word_1_253' title='bbox 408 2793 445 2832; x_wconf 92' lang='lat' dir='ltr'>ne</span> <span class='ocrx_word' id='word_1_254' title='bbox 470 2775 625 2833; x_wconf 82' lang='lat' dir='ltr'>avertatur</span> <span class='ocrx_word' id='word_1_255' title='bbox 648 2793 666 2831; x_wconf 90' lang='lat' dir='ltr'>a</span> <span class='ocrx_word' id='word_1_256' title='bbox 688 2774 786 2832; x_wconf 89' lang='lat' dir='ltr'>iudice</span> <span class='ocrx_word' id='word_1_257' title='bbox 810 2793 915 2847; x_wconf 86' lang='lat' dir='ltr'>sermo,</span> <span class='ocrx_word' id='word_1_258' title='bbox 943 2792 980 2831; x_wconf 92' lang='lat' dir='ltr'>ne</span> <span class='ocrx_word' id='word_1_259' title='bbox 1004 2774 1119 2832; x_wconf 89' lang='lat' dir='ltr'>alienae</span> 
     </span>
    </p>

    <p class='ocr_par' dir='ltr' id='par_1_10' title="bbox 59 2862 1119 3027">
     <span class='ocr_line' id='line_1_31' title="bbox 59 2862 1119 2941; baseline -0.004 -17"><span class='ocrx_word' id='word_1_260' title='bbox 59 2885 86 2924; x_wconf 85' lang='lat' dir='ltr'>so</span> <span class='ocrx_word' id='word_1_261' title='bbox 100 2881 248 2941; x_wconf 90' lang='lat' dir='ltr'>personae</span> <span class='ocrx_word' id='word_1_262' title='bbox 262 2880 364 2921; x_wconf 87' lang='lat' dir='ltr'>vocem</span> <span class='ocrx_word' id='word_1_263' title='bbox 383 2863 495 2937; x_wconf 90' lang='lat' dir='ltr'>demus,</span> <span class='ocrx_word' id='word_1_264' title='bbox 514 2881 550 2920; x_wconf 88' lang='lat' dir='ltr'>ne</span> <span class='ocrx_word' id='word_1_265' title='bbox 571 2865 825 2939; x_wconf 82' lang='lat' dir='ltr'>argumentemur3</span> <span class='ocrx_word' id='word_1_266' title='bbox 845 2862 979 2921; x_wconf 90' lang='lat' dir='ltr'>adiciunt</span> <span class='ocrx_word' id='word_1_267' title='bbox 997 2862 1119 2938; x_wconf 91' lang='lat' dir='ltr'>quidam</span> 
     </span>
     <span class='ocr_line' id='line_1_32' title="bbox 100 2951 1119 3027; baseline -0.003 -15"><span class='ocrx_word' id='word_1_268' title='bbox 100 2954 203 3026; x_wconf 90' lang='lat' dir='ltr'>etiam,</span> <span class='ocrx_word' id='word_1_269' title='bbox 226 2971 263 3010; x_wconf 89' lang='lat' dir='ltr'>ne</span> <span class='ocrx_word' id='word_1_270' title='bbox 286 2954 407 3011; x_wconf 91' lang='lat' dir='ltr'>utamur</span> <span class='ocrx_word' id='word_1_271' title='bbox 430 2951 608 3010; x_wconf 89' lang='lat' dir='ltr'>adfectibus:</span> <span class='ocrx_word' id='word_1_272' title='bbox 641 2969 768 3026; x_wconf 88' lang='lat' dir='ltr'>quorum</span> <span class='ocrx_word' id='word_1_273' title='bbox 793 2952 936 3027; x_wconf 91' lang='lat' dir='ltr'>pleraque</span> <span class='ocrx_word' id='word_1_274' title='bbox 964 2954 1034 3009; x_wconf 88' lang='lat' dir='ltr'>sunt</span> <span class='ocrx_word' id='word_1_275' title='bbox 1061 2952 1119 3009; x_wconf 85' lang='lat' dir='ltr'>fre-</span> 
     </span>
    </p>
   </div>
   <div class='ocr_carea' id='block_1_3' title="bbox 176 3154 841 3226">
    <p class='ocr_par' dir='ltr' id='par_1_11' title="bbox 176 3154 841 3226">
     <span class='ocr_line' id='line_1_33' title="bbox 176 3154 841 3226; baseline -0.003 -17"><span class='ocrx_word' id='word_1_276' title='bbox 176 3161 208 3209; x_wconf 87' lang='lat'>11</span> <span class='ocrx_word' id='word_1_277' title='bbox 229 3155 259 3210; x_wconf 88' lang='lat' dir='ltr'>cf</span> <span class='ocrx_word' id='word_1_278' title='bbox 276 3155 381 3226; x_wconf 83' lang='lat' dir='ltr'>Corpus</span> <span class='ocrx_word' id='word_1_279' title='bbox 400 3156 469 3210; x_wconf 89' lang='lat' dir='ltr'>iuris</span> <span class='ocrx_word' id='word_1_280' title='bbox 488 3155 552 3226; x_wconf 81' lang='lat' dir='ltr'>Dig.</span> <span class='ocrx_word' id='word_1_281' title='bbox 573 3154 726 3208; x_wconf 86' lang='lat' dir='ltr'>XXXXVII</span> <span class='ocrx_word' id='word_1_282' title='bbox 747 3160 788 3223; x_wconf 85' lang='lat'>10,</span> <span class='ocrx_word' id='word_1_283' title='bbox 808 3161 841 3208; x_wconf 80' lang='grc'>27</span> 
     </span>
    </p>
   </div>
   <div class='ocr_carea' id='block_1_4' title="bbox 101 3350 1120 3563">
    <p class='ocr_par' dir='ltr' id='par_1_12' title="bbox 101 3350 1120 3563">
     <span class='ocr_line' id='line_1_34' title="bbox 175 3350 1020 3407; baseline -0.005 -1"><span class='ocrx_word' id='word_1_284' title='bbox 175 3359 191 3406; x_wconf 81' lang='lat'><strong>5</strong></span> <span class='ocrx_word' id='word_1_285' title='bbox 210 3352 355 3407; x_wconf 82' lang='lat' dir='ltr'>inventum</span> <span class='ocrx_word' id='word_1_286' title='bbox 373 3361 396 3403; x_wconf 74' lang='lat' dir='ltr'><strong><em>A</em></strong></span> <span class='ocrx_word' id='word_1_287' title='bbox 475 3356 507 3405; x_wconf 87' lang='grc'><strong>13</strong></span> <span class='ocrx_word' id='word_1_288' title='bbox 528 3355 557 3406; x_wconf 90' lang='lat' dir='ltr'>et</span> <span class='ocrx_word' id='word_1_289' title='bbox 575 3369 618 3406; x_wconf 88' lang='lat' dir='ltr'>om</span> <span class='ocrx_word' id='word_1_290' title='bbox 636 3359 691 3404; x_wconf 84' lang='lat' dir='ltr'>BP</span> <span class='ocrx_word' id='word_1_291' title='bbox 771 3355 804 3404; x_wconf 89' lang='lat'>18</span> <span class='ocrx_word' id='word_1_292' title='bbox 823 3350 980 3405; x_wconf 89' lang='lat' dir='ltr'>obruuntur</span> <span class='ocrx_word' id='word_1_293' title='bbox 997 3360 1020 3402; x_wconf 80' lang='grc' dir='ltr'><em>Α</em></span> 
     </span>
     <span class='ocr_line' id='line_1_35' title="bbox 102 3421 1120 3490; baseline -0.004 -10"><span class='ocrx_word' id='word_1_294' title='bbox 102 3431 135 3480; x_wconf 85' lang='grc'><strong>19</strong></span> <span class='ocrx_word' id='word_1_295' title='bbox 155 3428 283 3478; x_wconf 85' lang='lat' dir='ltr'>nostram</span> <span class='ocrx_word' id='word_1_296' title='bbox 301 3441 344 3479; x_wconf 85' lang='lat' dir='ltr'>om</span> <span class='ocrx_word' id='word_1_297' title='bbox 361 3434 390 3478; x_wconf 83' lang='lat' dir='ltr'><em>B</em></span> <span class='ocrx_word' id='word_1_298' title='bbox 501 3429 534 3477; x_wconf 86' lang='grc'>22</span> <span class='ocrx_word' id='word_1_299' title='bbox 553 3427 587 3477; x_wconf 92' lang='lat' dir='ltr'>ut</span> <span class='ocrx_word' id='word_1_300' title='bbox 605 3439 677 3490; x_wconf 87' lang='lat' dir='ltr'>quae</span> <span class='ocrx_word' id='word_1_301' title='bbox 697 3421 810 3476; x_wconf 85' lang='lat' dir='ltr'>obstant</span> <span class='ocrx_word' id='word_1_302' title='bbox 827 3423 857 3476; x_wconf 88' lang='lat' dir='ltr'>in</span> <span class='ocrx_word' id='word_1_303' title='bbox 875 3423 976 3476; x_wconf 88' lang='lat' dir='ltr'>mediis</span> <span class='ocrx_word' id='word_1_304' title='bbox 995 3431 1018 3473; x_wconf 82' lang='grc' dir='ltr'><em>Α</em></span> <span class='ocrx_word' id='word_1_305' title='bbox 1047 3438 1120 3490; x_wconf 91' lang='lat' dir='ltr'>quae</span> 
     </span>
     <span class='ocr_line' id='line_1_36' title="bbox 101 3492 985 3563; baseline -0.005 -12"><span class='ocrx_word' id='word_1_306' title='bbox 101 3497 219 3552; x_wconf 85' lang='lat' dir='ltr'>obstant</span> <span class='ocrx_word' id='word_1_307' title='bbox 236 3496 316 3548; x_wconf 89' lang='lat' dir='ltr'>utin</span> <span class='ocrx_word' id='word_1_308' title='bbox 334 3494 428 3548; x_wconf 90' lang='lat' dir='ltr'>medio</span> <span class='ocrx_word' id='word_1_309' title='bbox 448 3503 475 3546; x_wconf 80' lang='grc' dir='ltr'><em>Ρ</em></span> <span class='ocrx_word' id='word_1_310' title='bbox 492 3511 563 3563; x_wconf 90' lang='lat' dir='ltr'>quae</span> <span class='ocrx_word' id='word_1_311' title='bbox 583 3493 700 3550; x_wconf 87' lang='lat' dir='ltr'>obstant</span> <span class='ocrx_word' id='word_1_312' title='bbox 716 3492 826 3549; x_wconf 81' lang='lat' dir='ltr'>sintin</span> <span class='ocrx_word' id='word_1_313' title='bbox 840 3493 939 3548; x_wconf 74' lang='lat' dir='ltr'>medio</span> <span class='ocrx_word' id='word_1_314' title='bbox 959 3503 985 3547; x_wconf 79' lang='lat' dir='ltr'>B</span> 
     </span>
    </p>
   </div>
   <div class='ocr_carea' id='block_1_5' title="bbox 0 0 1236 3854">
    <p class='ocr_par' dir='ltr' id='par_1_13' title="bbox 0 0 1236 3854">
     <span class='ocr_line' id='line_1_37' title="bbox 0 0 1236 3854; baseline 0 0"><span class='ocrx_word' id='word_1_315' title='bbox 0 0 1236 3854; x_wconf 95' lang='lat' dir='ltr'> </span> 
     </span>
    </p>
   </div>
  </div>
 </body>
</html>
