2438 3832
149 143 215 207 212
456 141 683 206 ΟἯΝΤΠιΙΑΝΙ
699 141 791 197 INST.
811 141 868 196 ΟΒ.

150 329 226 384 quae
248 329 345 385 poena
369 311 533 386 stupratori
556 313 720 370 constituta
743 315 796 384 est,
820 305 924 369 dabit'.
947 330 1053 369 verum
1071 311 1105 369 in
1119 311 1167 370 his

149 417 269 475 quoque
292 400 526 459 confessionibus
549 403 595 458 est
618 401 742 477 aliquid,
769 419 829 476 quo
857 399 893 458 de
920 398 1045 474 invidia,
1072 419 1168 476 quam

150 488 295 564 expositio
320 489 484 547 adversarii
506 489 586 563 feeit,
610 490 727 548 detrahi
749 488 854 564 possit,
879 507 946 547 oum
968 489 1061 547 etiam
1085 491 1168 548 servi

96 577 135 632 70
149 579 244 636 nostri
267 578 303 635 de
325 578 455 653 peccatis
480 578 541 636 suis
563 578 683 638 mollius
706 580 875 654 loquantur.
909 577 1063 653 quaedam·
1084 579 1167 637 enim

149 669 235 741 quasi
258 661 359 743 †non
382 669 537 725 narrantes
560 667 781 745 mitigabimus:
806 663 877 726 ‘non
900 665 1031 742 quidem,
1053 668 1089 725 ut
1113 668 1166 727 ad·
1195 686 1207 728 o

148 756 297 815 versarius
320 755 402 829 dicit,
426 755 582 814 consilium
605 757 680 814 furti
702 757 735 814 in
756 756 902 831 templum
926 756 1031 814 attulit
1043 773 1099 814 neo
1113 756 1166 814 diu

149 843 284 920 captavit
307 845 369 902 eius
393 846 440 902 rei
460 847 587 920 tempus,
610 845 662 904 sed
684 848 837 904 oooasione
861 848 892 903 et
909 843 1046 903 absentia
1064 847 1166 903 austo-

149 933 220 991 dum
244 936 399 1008 corruptus
424 935 454 991 et
476 935 611 1009 pecunia,
636 952 712 1008 quae
735 934 863 991 nimium
884 933 916 990 in
940 932 1048 992 animis
1067 933 1165 992 horni-

147 1042 220 1080 num
242 1024 350 1098 potest,
383 1024 480 1081 viatus
504 1024 556 1082 est.
580 1021 630 1081 sed
655 1022 727 1096 quid
748 1020 861 1080 refert?
892 1024 1030 1098 peccavit
1056 1025 1087 1080 et
1116 1023 1166 1080 fur

149 1114 207 1169 est:
230 1111 306 1167 nihil
330 1113 441 1169 attinet
463 1111 496 1169 id
518 1112 681 1184 defendere,
705 1111 788 1170 ouius
811 1130 939 1187 poenam
961 1129 1022 1169 non
1044 1129 1164 1170 reeusa-
1179 1132 1205 1171 ro

96 1198 132 1253 71
148 1195 235 1258 mus'.
263 1201 384 1257 interim
408 1202 496 1274 quasi
519 1199 690 1259 damnemus
717 1200 790 1276 ipsi:
824 1196 880 1259 ‘vis
907 1203 937 1258 te
965 1200 1062 1258 dioam
1092 1201 1163 1259 vino

147 1285 328 1364 impulsum?
362 1307 460 1346 errore
492 1286 628 1364 lapsum?
660 1291 747 1347 noete
780 1286 957 1364 deeeptum?
989 1307 1061 1347 vera
1093 1293 1165 1348 sunt

148 1378 207 1437 ista
230 1378 370 1435 fortasse:
398 1370 555 1435 tutamen
578 1379 742 1454 ingenuum
765 1378 920 1452 stuprasti,
951 1378 1033 1436 solve
1061 1377 1163 1436 decern

148 1461 253 1525 milia’.
277 1485 500 1541 nonnumquam
518 1467 721 1541 propositione
740 1467 924 1541 praemuniri
941 1468 1043 1541 potest
1060 1483 1163 1539 causa,

96 1555 132 1609 72
148 1555 253 1613 deinde
277 1555 388 1629 exponi.
422 1554 571 1613 contraria
595 1560 664 1613 sunt
687 1556 787 1613 omnia
814 1555 909 1613 tribus
939 1555 1019 1628 filiis,
1048 1557 1104 1630 qui
1131 1558 1163 1613 in
1178 1576 1203 1616 rs

147 1646 274 1702 mortem
297 1644 392 1719 patris
416 1646 620 1702 ooniurarant:
643 1646 744 1703 sortiti
765 1649 853 1703 noete
876 1643 987 1721 singuli
1010 1663 1064 1718 per
1083 1644 1162 1702 ordi·

147 1751 215 1789 nem
239 1751 307 1790 oum
331 1733 409 1790 ferro
433 1732 602 1791 oubioulum
620 1735 773 1791 intrarunt
790 1737 876 1808 patre
891 1732 1070 1791 dormiente:
1095 1751 1163 1791 oum

148 1820 280 1881 occidere
304 1841 371 1878 eum
395 1840 480 1879 nemo
504 1822 662 1896 potuisset,
695 1825 824 1881 excitato
853 1823 953 1880 omnia
980 1821 1161 1880 indicarunt.

95 1915 132 1969 73
147 1913 174 1970 si
196 1914 296 1969 tamen
319 1913 414 1985 pater,
438 1910 488 1985 qui
512 1910 616 1969 divisit
637 1911 851 1985 patrimonium
874 1914 904 1969 et
921 1929 987 1969 reos
1007 1911 1163 1985 parricidii

146 2001 288 2073 defendit,
311 2001 353 2058 sio
377 2001 460 2077 agat:
485 1995 577 2074 ‘quod
591 2002 694 2058 eontra
708 2001 804 2077 legem
823 1999 942 2072 suffieit,
964 1999 1161 2074 parricidium
1176 2020 1203 2058 so

147 2089 276 2148 obicitur
297 2089 465 2162 iuvenibus,
488 2106 614 2164 quorum
637 2091 723 2164 pater
745 2091 822 2147 vivit
841 2091 932 2164 atque
951 2089 1044 2146 etiam
1058 2088 1161 2147 liberis

146 2180 207 2237 suis
231 2178 324 2236 adest.
349 2178 483 2238 ordinem
505 2179 549 2235 rei
572 2195 693 2235 narrare
717 2178 789 2251 quid
811 2195 928 2235 neeesse
953 2180 1006 2250 est,
1031 2195 1100 2236 oum
1124 2178 1163 2235 ad

146 2267 243 2342 legem
270 2268 346 2325 nihil
373 2264 544 2342 pertineat?
573 2266 624 2324 sed
652 2266 678 2324 si
701 2267 915 2324 confessionem
942 2266 1048 2340 eulpae
1076 2285 1161 2324 meae

148 2357 276 2430 exigitis,
311 2373 365 2432 ego
396 2357 441 2413 fui
469 2357 557 2431 pater
586 2355 676 2413 durus
709 2357 739 2412 et
769 2356 953 2430 patrimonii,
986 2354 1066 2430 quod
1099 2356 1161 2413 iam

95 2443 132 2499 74
146 2445 253 2502 melius
277 2444 314 2502 ab
339 2444 384 2501 his
407 2444 611 2502 administrari
634 2446 760 2518 poterat,
787 2448 877 2502 tenax
900 2437 1020 2517 custos',
1054 2443 1160 2502 deinde
1175 2463 1200 2502 rs

147 2532 286 2591 subiciat:
307 2529 487 2592 ‘stimulatos
508 2532 544 2591 ab
559 2532 606 2606 iis,
629 2551 754 2608 quorum
773 2532 1007 2609 indulgentiores
1020 2535 1160 2606 parentes

147 2623 240 2693 erant,
264 2640 380 2696 semper
397 2625 498 2680 tamen
518 2641 585 2680 eum
598 2620 736 2679 habuisse
756 2623 898 2696 animum,
922 2623 973 2696 qui
996 2623 1037 2678 sit
1051 2625 1160 2703 eventu

146 2709 315 2784 deprensus,
346 2714 381 2767 ut
405 2711 536 2769 occidere
559 2712 675 2785 patrem
703 2729 762 2767 non
792 2714 921 2786 possent.
953 2728 1050 2784 neque
1080 2713 1160 2768 enirn

146 2799 210 2855 iure
233 2797 358 2856 iurando
382 2818 456 2873 opus
479 2800 580 2873 fuisse,
603 2800 629 2857 si
652 2799 767 2874 alioqui
784 2798 840 2858 hoo
853 2798 962 2858 mentis
975 2797 1160 2871 habuissent,

146 2905 200 2945 neo
223 2889 310 2961 sorte,
340 2889 399 2946 nisi
427 2888 505 2962 quod
533 2907 564 2946 se
597 2887 723 2962 quisque
756 2888 844 2945 eximi
875 2883 1026 2946 voluerit':
1059 2890 1160 2946 omnia
1173 2907 1200 2946 ao

145 2977 219 3034 haeo
249 2976 476 3052 qualiacumque
504 2976 717 3053 placidioribus
745 2977 852 3036 animis
880 2978 1077 3051 accipientur,
1105 2977 1160 3036 illa

219 3169 308 3230 aquo
328 3163 362 3218 de
384 3164 464 3218 Gertz
487 3171 513 3219 et
531 3163 676 3218 Kiderlin:
704 3165 779 3231 quod
803 3180 837 3218 ex
859 3173 911 3216 ΑΡ
931 3164 1007 3232 quod
1025 3173 1053 3216 Β

147 3241 162 3287 3
182 3236 277 3305 potest
290 3238 360 3304 ΒΡΙ
378 3251 440 3288 oum
460 3237 546 3290 etiam
566 3235 637 3288 serui
656 3252 698 3290 om
717 3245 745 3287 B
846 3241 861 3288 5
881 3235 963 3303 quasi
982 3237 1158 3288 conterentes

147 3307 229 3361 Kroll
247 3313 315 3359 recte
423 3313 454 3359 11
475 3305 587 3361 interim
605 3316 628 3358 Δ
652 3307 723 3376 th
742 3312 807 3360 426:
830 3307 973 3361 interdum
990 3315 1045 3358 BP

148 3384 181 3431 14
199 3377 390 3447 propositione
413 3385 479 3431 PN:
508 3377 716 3448 praepositione
745 3387 862 3440 2115an
890 3378 894 3448 Ι
923 3377 1096 3446 praemuniri
1122 3387 1158 3430 A:

135 3449 307 3520 praeparari
320 3458 376 3502 BP
442 3455 475 3503 16
491 3449 709 3504 coniuraruntA
726 3451 729 3517 l
746 3451 857 3502 noctem
870 3458 924 3502 BP
990 3454 1023 3501 22
1038 3449 1108 3517 quid
1122 3458 1156 3502 A:

128 3521 248 3586 quidem
267 3521 345 3578 nihil
362 3532 421 3578 BP
493 3528 529 3580 24
549 3537 602 3595 ego
622 3537 666 3576 om
685 3529 709 3572 Δ
777 3525 814 3573 ‘le
831 3519 967 3574 suhieitur
985 3528 1038 3572 BP
