2438 3832
136 124 201 189 268
455 124 682 190 QVINTILIANI
700 125 791 182 INST.
810 124 867 180 OR.

137 284 250 351 tionem
273 293 405 367 fortium,
429 297 455 353 91
477 294 666 370 tyrannidem
689 296 788 369 petas,
816 294 841 352 si
868 294 1052 369 templorum
1075 314 1156 355 ever·

83 381 260 441 98919999.
290 384 452 458 plurimum
481 403 515 442 ea
543 401 589 441 res
616 384 726 442 virium
753 383 844 440 habet
871 387 974 442 contra
1001 384 1156 460 scriptum.

137 472 235 529 utitur
252 472 298 530 his
314 470 417 531 Cicero
431 492 486 547 pro
501 471 641 531 Caecina:
660 468 750 530 ‘unde
768 475 803 530 tu
816 476 870 530 aut
883 472 1001 530 familia
1016 476 1071 531 aut
1089 492 1156 548 pro·

138 562 258 620 curator
280 563 357 620 tuus.
381 563 407 619 si
425 581 472 620 me
490 561 597 620 vilicus
614 565 684 619 tuus
703 562 783 620 solus
802 560 1000 619 deiecisset..
1018 608 1024 618 .
1040 563 1066 620 91
1085 580 1154 621 vero

137 667 174 706 ne
197 649 307 708 habeas
332 649 453 725 quidem
476 669 594 709 servum
616 653 737 725 praeter
755 669 830 723 eum,
855 651 908 725 qui
925 669 973 708 me
992 646 1155 724 deiecerit',
1180 669 1192 710 9

83 738 124 792 99
138 740 169 796 99
192 739 253 797 9119
275 739 308 795 19
331 739 434 798 eodem
457 739 534 797 libro
557 739 695 815 plurima.
718 759 822 797 verum
846 739 947 797 eadem
971 738 1054 797 fictio
1073 739 1155 798 valet

138 829 168 884 et
192 826 229 885 ad
254 828 428 901 qualitates:
454 823 491 887 ‘si
516 827 646 886 Catilina
669 846 736 885 cum
759 846 811 887 suo
826 827 950 887 consilio
969 828 1172 887 nefariorum·

136 916 300 990 hominum,
324 935 397 992 quos
421 935 521 975 secum
546 917 656 990 eduxit,
683 917 740 976 hac
764 917 799 974 de
822 935 854 974 re
881 919 984 992 posset
1011 917 1155 992 iudicare,

137 1004 347 1063 condemnaret
365 1005 399 1062 L.
417 1001 597 1077 Murenam'3
621 1008 651 1064 et
675 1005 712 1062 ad
737 1005 1016 1081 amplificationem:
1043 1001 1082 1064 ‘si
1100 1006 1155 1064 hoo

136 1093 194 1150 tibi
216 1094 295 1152 inter
318 1113 422 1152 cenam
440 1096 472 1152 in
491 1094 551 1153 illis
569 1093 739 1152 inmanibus
758 1095 873 1170 poculis
892 1096 953 1152 tuis
973 1089 1192 1154 accidisset'.1o

138 1183 181 1240 sic
205 1186 247 1240 et:
273 1178 311 1240 ‘si
333 1201 380 1242 res
402 1183 525 1258 publica
548 1201 651 1241 vocam
673 1179 816 1241 haberet'.

65 1271 124 1326 100
205 1270 268 1331 Has
291 1272 352 1330 fere
376 1272 459 1331 sedes
484 1272 651 1347 accepimus
674 1273 886 1347 probationum
913 1272 945 1330 19
969 1273 1154 1345 uniuersum,

137 1378 212 1435 quas
235 1379 330 1435 neque
354 1360 520 1437 generatim
542 1361 660 1419 tradere
688 1363 735 1418 sat
767 1365 821 1433 est,
851 1379 918 1418 cum
950 1380 985 1418 99
1017 1361 1155 1435 qualibet

137 1468 239 1507 earum
262 1449 487 1508 innumerabilis
517 1453 760 1527 argumentorum
787 1450 874 1525 copia
901 1449 1028 1524 oriatur,
1057 1469 1153 1525 neque

136 1539 346 1614 persingulas
370 1540 481 1613 species
505 1540 624 1613 exsequi
646 1539 762 1613 patitur
789 1542 897 1596 natura
926 1557 1042 1596 rerum:
1074 1538 1153 1614 quod
1166 1555 1190 1597 rs

138 1626 190 1701 qui
214 1629 284 1685 sunt
307 1627 403 1686 facere
426 1629 535 1700 conati,
559 1626 617 1684 duo
639 1629 754 1701 pariter
776 1627 932 1686 subierunt
953 1627 1152 1701 incommoda,

64 1716 122 1771 101
138 1713 173 1772 ut
196 1719 226 1773 ct
248 1715 374 1773 nimium
402 1715 532 1775 dicerent
561 1735 615 1774 nec
644 1718 745 1774 tamen
774 1719 881 1774 totum.
910 1716 989 1774 unde
1018 1716 1152 1792 plurimi,

136 1823 203 1862 cum
239 1804 272 1863 19
307 1805 361 1862 hos
397 1805 621 1881 inexplicabiles
657 1805 778 1880 laqueos
810 1806 987 1878 inciderunt,
1025 1824 1152 1878 omnem,

136 1894 228 1952 etiam
252 1912 340 1969 quem
368 1913 402 1951 99
430 1895 550 1970 ingenio
583 1912 636 1952 suo
669 1897 829 1968 potuerant
860 1893 978 1968 habere,
1011 1897 1152 1952 conatum

136 1984 219 2040 velut
242 1983 378 2042 adstricti
402 1985 489 2041 certis
512 1983 612 2060 legum
635 1982 763 2041 vinculis
785 1981 980 2057 perdiderunt
1003 1984 1033 2040 et
1057 1984 1152 2059 magi·
1165 2002 1189 2041 rc

64 2072 123 2126 192
137 2075 234 2129 strum
256 2072 447 2147 respicientes
471 2075 610 2130 naturam
640 2070 743 2129 ducem
775 2072 859 2146 sequi
891 2070 1051 2129 desierimt.
1081 2090 1152 2129 nam

134 2162 169 2218 ut
196 2180 250 2235 per
281 2179 312 2219 se
342 2180 401 2219 non
434 2161 561 2219 sufficiet
590 2160 664 2218 scire
695 2179 795 2219 omnes
827 2160 1018 2234 probationes
1052 2163 1107 2219 aut
1135 2179 1152 2218 a

135 2250 270 2324 personis
294 2252 347 2308 aut
369 2249 457 2308 rebus
475 2251 547 2325 peti,
571 2249 642 2323 quia
660 2250 820 2324 utrumque
838 2249 870 2305 in
888 2249 977 2324 plura
996 2248 1151 2321 dividitur,

134 2337 179 2396 199
202 2358 238 2396 99
261 2338 502 2398 antecedentibus
527 2341 556 2396 et
578 2339 689 2395 iunctis
712 2339 742 2394 et
760 2337 985 2412 insequentibus
1003 2338 1151 2395 trahenda

135 2444 198 2484 esse
222 2430 398 2504 argumenta
421 2427 474 2502 qui
497 2427 657 2502 acceperit,
687 2447 756 2483 num
790 2429 927 2501 protinus
957 2428 990 2483 19
1021 2427 1079 2484 hoc
1112 2428 1151 2484 sit
1164 2444 1187 2485 99

134 2516 307 2587 instructus,
331 2519 374 2590 99,
398 2516 469 2591 quid
493 2517 524 2574 in
548 2534 666 2591 quaque
686 2533 776 2572 causa
795 2514 961 2574 ducendum
981 2516 1021 2573 919
1040 2534 1076 2572 99
1095 2515 1150 2586 his,

63 2603 122 2658 103
137 2602 233 2661 sciat?
256 2607 440 2680 praesertim,
465 2624 531 2663 cum
553 2605 700 2680 plurimae
722 2602 913 2678 probationes
935 2604 969 2663 19
991 2603 1057 2678 ipso
1081 2621 1150 2662 999·

135 2709 236 2750 sarum
264 2695 408 2768 conplexu
444 2694 639 2769 reperiantur,
670 2695 715 2750 199
745 2695 779 2750 99
811 2693 873 2750 9199
902 2712 970 2751 cum
1003 2692 1065 2751 alia
1097 2693 1150 2750 1199
1183 2699 1184 2705 ’

134 2780 219 2837 nulla
243 2799 421 2856 communes,
455 2801 563 2857 eaeque
589 2782 649 2840 sint
671 2784 701 2839 99
723 2782 950 2855 potentissimae
973 2784 1004 2840 et
1026 2783 1150 2840 minima

134 2867 248 2943 obviae,
279 2871 349 2943 quia
373 2873 541 2930 communia
565 2890 599 2928 99
621 2869 787 2945 praeceptis
818 2871 999 2946 accepimus,
1026 2871 1151 2945 propria
1164 2889 1189 2930 99

206 3025 221 3072 3
241 3037 256 3072 9
272 3026 313 3085 19,
328 3025 361 3072 99
382 3052 415 3060 -
436 3026 450 3072 7
466 3021 520 3075 cic.
536 3039 563 3090 p.
583 3021 653 3074 Mur.
670 3026 712 3088 39,
727 3025 760 3074 83
781 3052 814 3060 -
833 3025 849 3072 9
870 3019 925 3074 Cic.
940 3019 1013 3074 Phil.
1025 3027 1050 3086 2,
1061 3026 1105 3089 29,
1116 3027 1150 3075 63

135 3123 168 3131 -
189 3097 220 3143 11
241 3089 271 3143 cf
285 3091 316 3143 in
335 3089 416 3146 catil.
435 3090 448 3143 Ι
467 3098 499 3145 27

206 3222 219 3270 1
240 3216 341 3284 petant
359 3214 446 3268 Halm
519 3223 534 3268 2
553 3215 760 3285 plurimumque
779 3225 833 3268 BP
903 3216 968 3270 7L.
984 3215 1109 3273 Catilina
1126 3230 1149 3272 A

207 3293 220 3340 7
241 3286 278 3338 ad
300 3304 343 3340 om
368 3286 456 3339 ABP¹
474 3288 530 3352 sort
547 3294 615 3341 recte
712 3293 745 3339 10
764 3287 806 3358 in]
825 3288 855 3340 et
872 3296 894 3338 A
987 3295 1020 3342 19
1038 3291 1150 3358 patitur

133 3358 210 3412 11Ρῆ
237 3357 364 3427 patiatur
381 3355 444 3408 AP¹
535 3363 566 3410 17
587 3357 654 3410 inde
672 3366 695 3409 Α
787 3363 819 3410 18
838 3358 868 3410 19
887 3375 930 3411 om
947 3360 1014 3412 31²¹
1032 3363 1066 3428 cf
1080 3368 1095 3427 ξ
1115 3368 1148 3416 93

205 3436 238 3484 22
259 3428 363 3483 sufficit
382 3436 435 3479 ΒΡ
513 3434 547 3481 23
567 3431 616 3481 999
634 3427 752 3482 arabus
772 3438 799 3480 Ρ
882 3435 915 3483 29
934 3447 1003 3483 num
1024 3431 1150 3488 Obrecht:

120 3518 210 3556 rmum
229 3512 255 3556 A
273 3519 318 3558 om
336 3508 394 3555 BP
464 3503 499 3554 99
518 3499 714 3554 communibus
735 3517 772 3552 99
784 3499 943 3567 praeceptis
961 3503 1079 3570 propria
1097 3513 1152 3558 ΒΡ
