2460 3854
165 150 208 213 60
467 145 695 212 QVINTILIANI
712 145 804 199 INST.
825 145 881 200 ΟΒ.

165 317 300 392 EupoliS,
324 316 404 391 apud
425 335 513 391 quern
532 315 695 374 Prodamus
715 317 745 373 et
763 316 895 372 musicen
915 317 944 372 et
962 315 1083 374 litteras
1104 313 1189 372 docet

166 409 195 464 et
218 405 355 478 Maricas,
383 407 435 480 qui
463 408 508 463 est
531 404 729 480 Hyperbolus,
757 403 833 462 nihil
862 423 892 463 se
916 422 951 461 ex
974 404 1090 462 musice
1114 405 1187 463 scire

165 496 225 552 nisi
247 495 364 553 litteras
389 493 553 554 confitetur.
577 493 794 568 Aristophanes
813 511 930 567 quoque
950 512 1011 551 non
1029 511 1093 550 uno
1113 492 1187 551 libro

166 585 208 642 sic
230 585 350 641 institui
373 601 479 658 pueros
508 582 675 657 antiquitus
704 583 808 641 solitos
836 601 899 641 esse
928 581 1128 656 demonstrat,
1160 584 1188 640 et

166 673 246 749 apud
268 673 463 731 Menandrum
491 672 523 729 in
545 671 785 748 Hypobolimaeo
813 689 909 746 senen,
938 672 991 745 qui
1017 672 1216 745 reposcentis

165 762 262 820 filium
284 763 366 836 patri
387 761 472 820 velut
495 763 644 820 rationem
666 760 895 836 impendiorum,
923 778 1000 835 quae
1022 761 1056 817 in
1082 760 1188 818 educa-

165 853 278 909 tionem
303 851 470 925 oontulerit,
496 868 644 925 exponens
666 850 773 924 psaltis
797 868 827 908 se
852 853 881 908 et
904 849 1067 926 geometris
1092 850 1188 908 multa

113 942 151 996 11)
166 941 239 998 dicit
266 939 390 998 dedisse.
427 939 505 997 unde
533 941 625 997 etiam
652 939 703 997 ille
731 957 804 1014 mos,
831 941 866 996 ut
892 939 925 996 in
948 939 1098 997 conviviis
1121 940 1189 1013 post

166 1048 268 1088 cenam
292 1029 534 1088 circumferretur
556 1028 632 1104 lyra,
662 1028 745 1087 cuius
769 1046 837 1086 cum
859 1047 890 1086 se
912 1027 1090 1103 imperitum
1114 1028 1188 1087 The-

165 1118 315 1178 mistocles
339 1119 489 1177 confessus
519 1121 609 1192 esset,
641 1121 675 1176 ut
703 1117 802 1176 verbis
834 1116 983 1176 Ciceronis
1014 1118 1100 1191 utar,
1134 1113 1218 1177 ‘estu

115 1209 154 1263 20
168 1208 288 1266 habitus
330 1203 498 1267 indoctior’.
554 1208 605 1265 sed
651 1209 784 1265 veterum
825 1225 942 1281 quoque
982 1206 1189 1266 Romanorum

167 1297 263 1372 epulis
283 1296 363 1354 ¹fides
392 1315 426 1354 ac
449 1296 540 1354 tibias
565 1296 703 1354 adhibere
726 1297 818 1355 moris
841 1296 913 1353 fuit:
942 1313 1046 1354 versus
1072 1314 1188 1372 quoqne

167 1385 318 1445 Saliorum
345 1387 458 1444 habent
481 1403 608 1444 carmen.
646 1405 722 1460 quae
746 1405 813 1444 oum
837 1387 938 1442 omnia
961 1386 1024 1443 sint
1047 1403 1066 1442 a
1090 1385 1188 1444 Numa

167 1494 236 1551 rege
266 1477 415 1548 instituta,
448 1476 564 1533 faciunt
593 1475 788 1533 manifestum
817 1493 854 1531 ne
884 1475 945 1532 illis
974 1474 1106 1549 quidem,
1140 1476 1188 1550 qui

167 1564 254 1622 rudes
283 1583 317 1623 ac
345 1565 479 1623 bellicosi
501 1563 648 1637 videntur,
676 1582 778 1623 curam
800 1565 938 1638 musicae,
966 1565 1115 1639 queniam
1137 1564 1213 1622 illas

114 1654 151 1708 11
166 1653 330 1728 recipiebat
360 1656 451 1727 aetas,
482 1653 617 1712 defuisse.
655 1653 782 1728 denique
812 1654 843 1709 in
872 1652 1067 1727 proverbium
1098 1671 1185 1729 usque
1220 1682 1222 1719 ÷

168 1740 347 1802 Graecorum
384 1742 565 1802 celebratum
602 1745 659 1816 est,
698 1738 844 1801 ‘indoctos
877 1760 895 1799 a
926 1741 1021 1800 Musis
1050 1743 1143 1818 atque
1169 1760 1184 1799 a

116 1832 154 1886 22
169 1829 282 1890 Gratiis
306 1827 427 1890 abesse'.
461 1851 565 1890 verum
588 1831 660 1911 quid
684 1851 719 1889 ex
742 1850 777 1889 ea
809 1831 930 1906 proprie
956 1832 1042 1905 petat
1069 1831 1182 1891 futinus

168 1924 277 1994 orator,
301 1921 488 1980 disseramus.

234 2010 383 2069 Numeros
406 2012 517 2068 musice
542 2011 674 2085 duplices
697 2010 797 2082 habet,
819 2011 852 2067 in
875 2008 997 2068 vocibus
1022 2013 1052 2068 et
1076 2011 1110 2069 in
1127 2024 1205 2069 cor-s

167 2117 252 2175 pore:
276 2102 433 2175 utriusque
457 2101 536 2156 enim
558 2100 602 2156 rei
621 2102 709 2173 aptus
728 2098 850 2174 quidam
868 2098 974 2158 modus
993 2097 1180 2159 desideratur.

167 2191 249 2247 vocis
276 2191 424 2247 rationem
447 2189 643 2248 Aristoxenus
671 2190 803 2246 musicus
827 2188 936 2246 dividit
958 2189 991 2244 in
1015 2187 1136 2267 ῥυθμόν
1157 2190 1181 2246 11

169 2275 265 2356 μέλος,
297 2297 423 2355 quorum
456 2279 584 2336 alterum
613 2277 826 2350 modulatione,
859 2278 986 2335 alterum
1017 2296 1127 2338 canore
1153 2293 1182 2335 ac

168 2369 248 2427 sonis
263 2370 389 2428 constat.
403 2387 475 2425 num
489 2369 583 2444 igitur
597 2386 656 2425 non
671 2367 743 2425 haec
758 2368 859 2424 omnia
874 2368 988 2425 oratori
1001 2362 1181 2427 necessaria?

168 2477 295 2533 quorum
318 2477 410 2515 unum
434 2457 472 2515 ad
496 2459 623 2534 gestum,
651 2457 780 2514 alterum
804 2456 841 2514 ad
865 2456 1104 2519 conlocationem
1126 2467 1205 2516 vers

168 2547 282 2621 borum,
309 2548 433 2605 tertium
456 2547 495 2604 ad
517 2546 609 2604 flexus
632 2545 722 2620 vocis,
754 2546 806 2620 qui
829 2548 899 2604 sunt
920 2547 953 2603 in
976 2547 1095 2622 agendo
1119 2564 1182 2623 quo-

116 2635 154 2689 23
170 2655 227 2712 que
249 2637 381 2711 plurimi,
404 2638 549 2710 pertinet:
577 2635 636 2694 nisi
658 2636 735 2693 forte
758 2635 790 2692 in
814 2634 994 2694 carminibus
1018 2637 1138 2694 tantum
1159 2637 1182 2693 et

167 2727 200 2782 in
219 2727 343 2784 canticis
363 2727 491 2802 exigitur
510 2726 658 2782 structura
673 2724 820 2800 quaedam
835 2726 865 2781 et
878 2724 1024 2783 inoffensa
1038 2724 1182 2801 copulatio

169 2834 284 2891 vocum,
312 2816 344 2871 in
373 2814 488 2892 agendo
511 2831 696 2888 supervacua
719 2816 771 2888 est,
801 2816 853 2872 aut
885 2832 945 2871 non
968 2816 1138 2890 conpositio
1159 2815 1184 2872 et

170 2922 259 2962 sonus
282 2905 314 2960 in
338 2905 472 2962 oratione
495 2922 613 2979 quoque
631 2903 714 2960 varie
733 2922 787 2977 pro
805 2922 905 2961 rerum
923 2902 1012 2962 modo
1032 2904 1208 2963 adhibeturs

116 2992 155 3047 24
170 2995 249 3052 sicut
272 2993 304 3050 in
326 2995 447 3052 musice.
480 3011 609 3067 namque
634 2995 663 3050 et
686 3010 757 3050 voce
782 2995 812 3050 et
835 2992 1039 3051 modulatione
1064 2992 1184 3071 grandia

170 3083 257 3155 elate,
280 3082 410 3140 iucunda
429 3082 563 3156 dulciter,
583 3081 737 3140 moderata
755 3081 864 3139 leniter
882 3083 964 3140 canit
981 3083 1109 3159 totaque
1128 3085 1185 3144 arto

169 3196 400 3288 *inemec
420 3234 473 3304 ag.
494 3240 509 3286 2
529 3233 566 3288 u.
594 3265 627 3273 -
652 3239 667 3285 1
687 3233 757 3300 aqu.
779 3237 843 3301 rsa,
867 3233 940 3288 uua.
962 3239 1028 3302 rea,
1047 3235 1120 3290 nan.
1141 3239 1185 3290 111
1220 3200 1222 3227 '

170 3339 204 3346 -
224 3312 239 3359 5
260 3305 313 3375 frg.
335 3312 367 3359 15
387 3306 424 3360 M.
448 3338 483 3346 -
500 3310 532 3359 10
552 3306 632 3358 Tusc.
654 3311 679 3373 1,
699 3311 723 3372 2,
742 3312 759 3357 4

241 3474 257 3520 3
276 3467 362 3596 libro)
377 3467 440 3521 loco
458 3466 560 3520 Gesner
629 3472 643 3518 ‘l
664 3483 808 3535 opponens
822 3474 877 3517 ΒΡ
944 3472 977 3520 15
997 3469 1139 3535 quantum
1151 3477 1172 3520 Δ

156 3545 194 3590 23
208 3539 298 3607 μίλθς
314 3561 336 3611 μ
351 3561 422 3612 cccv
439 3548 484 3594 B:
504 3535 586 3610 μέλος
606 3537 740 3610 ἔμμετρον
762 3537 849 3591 Vallo
865 3537 898 3587 iu
917 3547 940 3588 Ρ
