2460 3854
377 111 424 165 IV.
443 109 622 164 Ptooemium
640 116 717 165 1-7.
738 116 855 176 1,1-3.
1051 109 1115 175 185

125 274 192 336 nobis
212 279 425 356 expectationis
448 279 571 356 adiecit,
600 281 720 338 tantum
746 279 864 357 ingenii·
887 277 1020 354 adspiret
1046 278 1115 338 dex-

122 359 206 444 terque
229 387 264 427 ac
286 370 390 429 volens
415 369 494 428 adsit
517 371 547 427 et
569 389 616 426 me
641 369 760 443 qualem
783 386 845 427 esso
869 367 996 426 credidit
1013 368 1114 426 faciat.

120 454 284 516 caremihi
306 458 460 535 religionis
488 477 548 516 non
570 458 643 516 haee
671 457 735 516 sola
762 458 853 531 ratio,
881 476 957 532 quae
984 457 1154 516 maximat

118 549 160 617 est
181 547 229 606 aed
252 547 367 622 alioqui
390 547 432 605 sic
450 547 585 621 procedit
606 546 705 621 ipsum
732 565 815 622 opus,
837 548 873 604 ut
896 546 1011 604 maiora
1029 566 1114 621 prae·

86 636 99 677 ⁵
116 636 198 694 teritis
221 655 256 694 ac
278 639 375 713 magia
395 637 489 694 ardua
507 636 576 708 sint,
600 654 677 711 quae
691 634 851 712 ingredior.
875 635 1009 710 sequitur
1027 637 1115 708 enim,

114 727 141 782 ut
160 724 345 784 iudicialium
367 743 535 797 causarum,
558 743 635 800 quae
657 727 728 783 eunt
748 724 876 783 maxime
899 725 1001 784 variae
1024 727 1115 799 atque

112 813 290 890 multiplioeS,
319 814 391 874 ordo
415 813 592 890 explicetur:
626 813 705 889 quod
726 813 871 888 prooemii
901 815 942 872 sit
974 813 1114 887 officium,

110 921 177 978 quae
200 905 279 962 ratio
302 903 454 977 narrandi,
478 922 555 978 quae
577 901 789 977 probationum
815 901 902 974 fides,
930 921 981 961 seu
1008 921 1115 978 propo-

107 994 161 1050 sita
184 993 392 1052 confirmamus
415 1009 467 1050 seu
491 995 594 1050 contre
613 992 694 1049 dicta
711 991 910 1065 dissolvimus,
933 995 1047 1066 quanta
1069 992 1115 1050 vis

60 1089 94 1136 lo
105 1081 134 1140 in
156 1080 332 1157 perorando,
360 1100 412 1140 eeu
434 1080 593 1139 reficienda
615 1081 702 1139 brevi
728 1080 904 1156 repetitione
931 1100 1033 1138 rerum
1056 1099 1115 1138 me·

103 1171 197 1230 moria
220 1172 267 1229 eet
288 1169 396 1230 iudicis
415 1173 477 1230 sive
501 1170 644 1241 adfectae,
668 1169 748 1244 quod
772 1173 816 1228 est
838 1170 926 1246 longe
944 1170 1115 1245 potentissi-

102 1280 191 1333 mum,
220 1259 433 1318 commovendi.
464 1259 499 1317 de
528 1258 636 1334 quibus
663 1260 799 1334 partibus
832 1259 960 1336 singulis
993 1258 1152 1334 quidam?

101 1351 264 1425 separatim
287 1348 415 1408 scribere
441 1348 612 1406 maluerunt
641 1347 725 1407 velut
757 1367 832 1407 onue
862 1349 956 1406 totius
984 1350 1116 1421 corporis

100 1438 198 1512 veriti,
229 1440 260 1496 et
290 1438 332 1497 aio
364 1456 482 1513 quoquc
515 1436 675 1511 compluris
705 1437 741 1495 de
771 1456 831 1495 una
863 1455 982 1512 quaque
1012 1456 1115 1495 earum

59 1544 87 1586 15
100 1527 194 1586 libros
217 1526 382 1586 ediderimt.
415 1543 490 1602 quas
514 1545 568 1604 ego
599 1528 694 1585 omnia
725 1544 814 1585 ausus
847 1528 1000 1584 contexere
1023 1545 1116 1602 prope

99 1616 254 1674 infinitum
281 1615 413 1675 laborem
443 1616 591 1690 prospicio
625 1619 655 1673 et
685 1615 752 1691 ipsa
782 1616 963 1691 cogitatione
986 1615 1116 1690 suscepti

99 1705 233 1764 muneris
256 1705 375 1783 fatigor.
410 1705 461 1764 aed
484 1704 651 1764 durandum
674 1707 727 1779 est
751 1704 823 1779 quia
846 1705 1005 1779 coepimus,
1033 1707 1064 1762 et
1091 1705 1117 1761 si

99 1795 216 1854 viribus
241 1793 418 1868 deficimur,
442 1793 541 1852 animo
565 1797 665 1852 tamen
689 1793 946 1869 perseverandum.

475 1944 536 2017 [nn
555 1943 737 2015 Exclamo]

61 2082 86 2121 ao
168 2061 192 2119 I.
217 2059 302 2129 Quod
324 2063 546 2136 principium
577 2060 685 2119 Latine
712 2062 761 2119 vel
788 2058 972 2119 exordium
999 2057 1155 2134 dicitur‚1

99 2153 216 2210 maiore
240 2150 370 2226 quedam
389 2152 513 2208 ‘ratione
543 2148 650 2208 Graeci
672 2149 812 2208 videntur
838 2147 996 2228 προοίμιον
1023 2149 1117 2206 nomi·

99 2258 197 2315 nasse,
223 2240 293 2314 quia
317 2259 335 2297 a
358 2241 468 2298 nostris
491 2240 613 2296 initium
635 2238 722 2297 modo
742 2237 941 2316 significatur,
969 2237 1015 2294 illi
1043 2238 1116 2295 satis

100 2330 180 2389 clare
203 2331 321 2403 partem
338 2328 419 2386 ‘hanc
443 2346 505 2387 esse
529 2332 598 2386 ante
621 2329 786 2405 ingressum
810 2329 862 2401 rei,
886 2328 921 2385 de
941 2345 1000 2401 qua
1019 2325 1117 2384 dicen·

101 2418 173 2477 dum
197 2420 245 2491 sit,
269 2417 436 2476 ostendunt.
459 2437 530 2476 nam
553 2419 616 2476 sive
639 2422 805 2493 propterea,
829 2417 908 2492 quod
927 2415 996 2492 οἴμη
1012 2415 1155 2474 cantusl

64 2527 87 2566 25
102 2510 147 2566 est
180 2509 211 2565 ct
242 2505 407 2566 citharoedi
437 2524 533 2582 pauca
560 2507 629 2580 illa,
656 2525 733 2581 quae
761 2509 923 2581 antequam
949 2506 1118 2582 legitimum

102 2599 252 2655 certamen
274 2596 415 2654 incohent
438 2596 588 2654 emerendi
609 2596 721 2655 favoris
744 2597 843 2672 gratia
867 2598 986 2668 canunt,
1013 2612 1117 2669 prooe-

101 2688 196 2744 mium
220 2685 513 2762 cognominaverunt,
544 2688 676 2744 oratorcs
707 2704 823 2760 quoque
854 2703 901 2760 ec,
930 2701 1006 2760 quae
1034 2685 1117 2757 prius

103 2793 192 2850 quam
221 2792 342 2832 causam
374 2773 564 2833 exordiantur
596 2774 634 2832 ad
667 2774 867 2834 conciliandos
897 2772 954 2831 sibi
985 2771 1116 2830 iudicum

102 2865 219 2923 animos
242 2863 467 2938 praelocuntur,
495 2863 596 2922 cadem
626 2865 827 2939 appellatione
855 2864 1026 2939 signarunt,
1054 2861 1156 2920 sinet-3

65 2972 89 3012 ao
103 2951 183 3029 quod
211 2945 299 3028 οἶμον
326 2952 405 3011 idem
429 2951 535 3012 Gracci
561 2956 643 3011 viam
671 2953 837 3028 appellant,
869 2952 915 3027 id,
945 2949 1024 3026 quod
1048 2953 1117 3008 ante

102 3044 269 3118 ingressum
301 3044 347 3099 rei
373 3043 502 3116 ponitur,
532 3044 574 3101 sic
611 3061 716 3101 vocare
744 3045 790 3102 est
820 3043 1006 3100 institutum:
1039 3041 1118 3098 certe

103 3132 290 3206 prooemium
313 3134 365 3206 est,
390 3130 469 3206 quod
492 3131 573 3206 apud
595 3131 723 3189 iudicem
746 3132 806 3190 dici
829 3132 911 3205 prius
936 3149 1026 3204 quem
1048 3147 1116 3186 cau-

175 3429 191 3478 8
212 3424 250 3479 eit
268 3424 336 3478 fides
356 3435 410 3478 BP
489 3429 503 3477 9
524 3425 584 3480 eive
603 3427 701 3477 contra
720 3434 747 3476 B
831 3429 864 3477 2⁷
884 3423 1120 3494 cognominarunt

105 3498 208 3566 Oaccp
228 3502 278 3550 601
299 3497 514 3551 nominaverunt
532 3507 555 3550 Α
628 3501 662 3550 32
682 3495 802 3552 dicium
822 3505 872 3550 ΒΡ
