2438 3832
115 125 180 190 302
415 123 643 191 QVINTILIANI
660 124 751 179 INST.
772 125 828 180 OR.

63 295 102 349 lo
115 290 267 370 pertinet,
291 293 342 353 sed
361 313 428 353 oum
450 296 517 369 ipsa
539 296 618 352 ratio
641 295 673 352 in
697 294 901 369 quaestionem
924 295 1017 369 venit,
1043 293 1135 353 effici-

116 384 224 443 endum
249 386 294 442 est
316 387 429 442 eertum
451 384 491 458 id,
515 402 573 458 quo
592 383 748 458 probaturi
767 402 868 442 sumus
886 383 966 459 quod
984 385 1135 442 incertum

117 475 171 548 est,
194 476 236 546 ut,
260 474 287 530 si
308 473 374 548 ipsa
397 473 474 531 sorte
497 474 663 531 intentione
687 473 806 530 dicatur
829 475 881 530 aut
901 468 992 530 ‘filius
1011 491 1072 532 non
1092 467 1135 532 es'

117 563 170 621 aut
194 557 264 619 ‘non
288 579 317 620 es
341 555 506 638 legitimus'
539 564 592 620 aut
623 556 695 620 ‘non
722 579 753 619 es
786 556 887 635 solus',
917 561 1051 636 itemque
1081 564 1135 619 aut

117 645 188 709 ‘non
210 651 295 708 heres
319 645 361 709 es'
386 652 439 708 aut
463 645 534 708 ‘non
552 651 665 708 iustum
682 651 895 708 testamentum
914 645 970 709 est'
994 653 1048 708 eut
1074 644 1171 709 ‘ce-e

116 758 275 819 peronen
304 734 401 813 potes'
435 742 489 797 aut
521 733 623 797 ‘habes
661 734 838 813 coheredes',
871 739 1061 798 efficiendum
1089 741 1135 798 est

63 827 100 882 11
118 822 267 906 [iustum],
290 831 412 902 propter
435 828 515 902 quod
537 828 622 886 nobis
642 826 807 886 adiudicari
824 827 904 886 bona
922 827 1059 886 debeant.
1083 827 1135 887 sed

116 921 180 975 tum
212 920 257 976 est
283 917 449 975 necessaria
481 917 535 974 illa
567 935 682 974 summa
715 918 846 990 conexio,
876 935 943 975 oum
970 916 1136 975 intervenit

116 1007 197 1064 ratio
220 1006 346 1083 longior,
377 1005 492 1080 alioqui
514 1004 669 1064 sufficiunt
691 1007 819 1064 intentio
848 1023 882 1063 ac
908 1004 1002 1063 ratio:
1034 1001 1135 1065 ‘silent

118 1095 196 1153 enim
219 1095 299 1171 leges
322 1096 401 1152 inter
424 1113 507 1152 erma
529 1112 583 1153 nec
614 1112 644 1152 se
672 1095 822 1169 expectari
848 1094 965 1168 iubent,
996 1112 1065 1152 curn
1098 1096 1134 1169 ei,
1147 1114 1171 1153 ro

119 1186 171 1259 qui
195 1185 348 1258 expectere
371 1182 453 1256 velit,
484 1185 554 1241 ante
577 1184 691 1242 iniusta
713 1201 809 1259 poena
836 1183 947 1241 luenda
975 1183 1016 1242 sit
1044 1202 1136 1258 quam

117 1275 199 1331 iusta
220 1266 401 1347 repetenda'.
424 1271 550 1347 ideoque
574 1271 605 1329 id
629 1271 826 1348 enthymema,
850 1271 929 1346 quod
948 1273 994 1330 est
1012 1291 1049 1330 ex
1067 1290 1134 1330 con·

119 1361 319 1437 sequentibus,
343 1361 454 1419 rationi
477 1361 574 1418 simile
598 1360 743 1419 dixerunt.
774 1360 824 1419 sed
848 1363 877 1419 et
900 1361 1022 1437 singule
1045 1379 1135 1435 quae-

119 1469 176 1526 que
199 1452 320 1508 interim
343 1452 422 1508 recte
445 1451 610 1525 ponuntur,
642 1452 677 1508 nt
704 1451 803 1525 ipsum
830 1449 907 1507 illud
934 1450 1025 1509 silent
1055 1450 1135 1527 leges

119 1540 199 1597 inter
222 1557 314 1611 arma,
338 1539 368 1596 et
392 1557 410 1596 a
432 1540 549 1596 ratione
572 1539 701 1613 incipere
725 1539 772 1596 fas
796 1541 854 1611 est,
882 1538 987 1596 deinde
1017 1540 1172 1598 conclu-1:

67 1627 104 1681 18
119 1629 201 1702 dere,
229 1630 264 1685 ut
290 1626 414 1685 ibidem:
445 1623 537 1702 ‘quod
569 1629 595 1685 si
623 1627 780 1686 duodecim
812 1627 932 1686 tabulae
955 1629 1136 1686 nocturnum

118 1718 215 1775 furem
235 1734 353 1791 quoquo
372 1716 470 1788 modo,
489 1715 628 1773 diurnum
648 1719 757 1789 autem,
781 1718 806 1774 si
825 1735 855 1775 se
873 1717 934 1774 telo
953 1715 1136 1790 defenderet,

119 1805 246 1865 interfici
283 1807 394 1880 inpune
421 1805 593 1881 voluerunt,
627 1807 695 1880 quis
728 1807 773 1862 est
801 1806 865 1880 qui,
898 1823 1018 1880 quoquo
1046 1805 1136 1864 modo

120 1896 186 1970 quis
205 1894 378 1953 interfectus
397 1894 445 1966 sit,
463 1893 661 1969 poeniendum
679 1888 798 1969 putet?’
821 1893 952 1953 variavit
970 1894 1019 1951 hic
1038 1895 1137 1952 adhuc

120 1987 151 2043 et
179 2002 281 2043 rursus
309 1985 456 2041 rationem
486 1981 576 2041 tertio
600 1983 665 2041 loco
693 1983 806 2057 posuit:
838 1978 916 2040 ‘cum
945 1982 1049 2040 videat
1082 1983 1136 2041 ali·
1150 2002 1174 2042 :o

66 2071 104 2126 19
120 2072 238 2148 quando
262 2071 396 2150 gladium
419 2072 503 2130 nobis
528 2071 564 2129 ab
588 2071 660 2145 ipsis
683 2073 799 2148 porrigi
821 2065 957 2149 legibus'.
990 2090 1045 2147 per
1068 2090 1136 2131 con·

119 2164 248 2222 stantem
271 2161 366 2237 partis
390 2160 475 2218 duxit
497 2161 643 2219 ordinem:
672 2156 854 2219 ‘insidiatori
876 2179 946 2219 vero
970 2162 1001 2218 et
1023 2161 1138 2219 latroni

120 2269 196 2327 quae
214 2253 313 2326 potest
327 2250 431 2307 inferri
443 2249 556 2308 iniusta
574 2242 661 2306 nex?'
682 2243 752 2328 (hoc
769 2241 922 2328 intentio);
942 2243 1028 2323 ‘quid
1046 2252 1137 2308 comi·

119 2342 202 2398 tatus
221 2340 324 2411 nostri,
348 2338 419 2413 quid
438 2338 532 2414 gladii
550 2332 687 2396 volunt?
712 2332 781 2418 (hoc
798 2333 901 2413 ratio),
921 2333 1008 2412 ‘quos
1026 2338 1137 2398 hebere

121 2431 199 2489 certe
222 2447 281 2487 non
305 2428 416 2501 liceret,
440 2429 466 2485 si
488 2427 536 2485 uti
558 2427 618 2485 illis
641 2427 725 2484 nullo
747 2431 836 2502 pacto
864 2421 993 2485 liceret':
1021 2427 1078 2486 hoc
1102 2447 1138 2485 ex
1151 2446 1176 2488 :i

120 2519 237 2576 ratione
261 2519 291 2575 et
313 2517 477 2575 intentione
501 2516 630 2575 conexio.

67 2603 106 2660 20
188 2605 266 2664 Huic
290 2607 390 2682 generi
412 2605 597 2681 probationis
615 2605 710 2664 tribus
730 2605 895 2663 occurritur
911 2603 1017 2679 modis,
1041 2606 1139 2665 idest

121 2714 174 2771 per
198 2695 293 2754 omnis
316 2696 421 2770 partis.
451 2697 503 2752 aut
527 2696 605 2752 enim
633 2695 821 2770 expugnatur
847 2694 975 2752 intentio
1005 2697 1058 2752 aut
1086 2693 1138 2752 ad·

194 2885 209 2933 e
228 2899 255 2948 p.
276 2880 336 2937 Mil.
354 2887 379 2947 4,
400 2886 433 2934 10
453 2912 486 2920 -
507 2887 539 2934 ic
559 2881 596 2933 ib.
618 2886 642 2947 e,
662 2885 677 2932 o
698 2911 731 2919 -
751 2886 784 2933 22
804 2880 842 2933 ib.
864 2885 889 2947 4,
909 2885 951 2936 10.

197 3083 210 3130 1
230 3076 410 3145 pertinent?
480 3081 495 3128 2
515 3093 570 3144 quo
587 3077 805 3144 Oappcroonier:
824 3075 899 3144 quod
971 3076 1080 3130 3forte
1089 3076 1137 3131 1¹²:

123 3148 181 3201 fere
204 3157 334 3201 AGPMV
421 3154 434 3200 1
455 3147 560 3201 iustum
578 3149 676 3202 eecluec'
693 3164 727 3201 cx
741 3149 780 3201 15
795 3148 937 3216 repetitum
951 3147 1011 3216 cfp
1025 3153 1087 3215 229,
1103 3153 1138 3202 16

122 3220 200 3273 istud
216 3220 318 3274 Gesner
390 3224 406 3272 9
425 3219 536 3288 longior
550 3229 585 3273 A:
604 3218 710 3288 largior
723 3219 773 3273 rell
788 3217 792 3290 1
810 3217 916 3286 alioqui
931 3218 1033 3273 Halm:
1047 3219 1138 3286 aliqui

122 3300 178 3344 AM
196 3291 305 3359 aliquid
321 3301 343 3342 (ι’
358 3290 394 3342 ad
413 3291 488 3358 quod
503 3300 553 3342 ΡΥ
564 3289 717 3357 aliquando
737 3291 842 3360 Regius
914 3293 947 3342 10
966 3305 1019 3343 nec
1032 3307 1063 3344 ee
1077 3300 1137 3344 Νι

123 3379 236 3417 necesse
254 3369 335 3414 AGM
423 3367 456 3414 13
475 3377 603 3430 quaeque
622 3360 735 3414 interim
753 3361 879 3415 Badius:
896 3358 1065 3430 interimque

117 3439 154 3486 19
172 3434 238 3503 quis
257 3443 317 3488 PV:
337 3451 380 3490 om
398 3442 479 3486 Aer!
571 3438 604 3485 ‘21
627 3448 679 3500 per
701 3431 888 3503 constantem]
916 3431 1017 3500 prioris
1041 3435 1139 3487 autem

105 3506 193 3576 libre,-
210 3509 280 3564 11111
300 3510 380 3584 origo
403 3508 471 3578 fuit,
496 3506 570 3580 quod
587 3503 679 3576 nortis
697 3505 831 3574 qcuiticce
847 3504 995 3569 calceum
