2460 3854
421 117 442 171 Ι.
471 123 496 183 a,
515 122 630 172 av-cs.
660 124 782 186 v,1-a.
1066 119 1113 183 42·

91 281 343 365 ‘parricidatum',
373 286 453 362 quod
474 288 508 344 in
531 284 632 353 Caelio
656 288 705 345 vix
728 288 884 347 tolerabile
907 288 1034 363 videtur,
1057 307 1116 347 nec

89 372 208 437 ‘collos'
229 376 303 435 mihi
321 375 429 435 Calvus
448 376 642 451 persuaserit:
662 396 740 451 quae
754 396 808 436 nec
821 378 881 452 ipsi
894 378 955 436 iam
970 379 1115 438 dicerent..

159 465 303 542 Superest
329 466 424 542 igitur
447 466 683 524 consuetudo:
713 485 784 524 nam
806 466 899 525 fuerit
922 486 1015 542 paene
1038 468 1109 525 ridi-
1125 465 1171 521 4ss

88 557 194 616 culum
224 555 315 614 mallo
345 573 519 627 sermonem,
551 573 610 630 quo
638 555 732 614 locuti
759 557 820 614 sint
846 555 989 630 homines,
1021 576 1111 632 quam

63 664 151 722 aquo
175 645 347 719 loquantur.
376 646 406 702 ct
429 661 499 701 sane
523 644 596 719 quid
619 646 665 702 est
687 644 770 702 aliud
792 647 878 704 vetus
902 663 997 704 sermo
1022 664 1113 720 quam

90 737 178 793 vetus
202 733 345 809 loquendi
367 730 571 791 consuetudo?
598 733 649 792 sed
671 733 740 791 huic
763 735 822 808 ipsi
845 736 1045 793 necessarium
1067 736 1113 793 est

89 823 246 896 iudicium,
275 821 573 897 constituendumque
595 824 628 879 in
650 824 764 897 primis,
791 822 824 880 id
846 825 945 897 ipsum
968 824 1040 899 quid
1063 825 1112 897 sit,

91 912 173 989 quod
196 911 440 970 consuetudinem
463 929 610 970 vocemus.
634 930 711 986 quae
735 911 761 970 si
783 931 819 994 er
842 931 886 986 eo,
909 913 989 988 quod
1011 912 1113 988 plures
1128 909 1172 965 44

92 1003 218 1076 faciunt,
237 1019 345 1059 nornen
365 1001 502 1075 accipiat,
520 1000 804 1075 periculosissimum
823 1000 908 1059 dabit
921 1004 1114 1077 praeceptum

52 1112 78 1152 ιο
91 1111 152 1150 non
173 1090 304 1149 orationi
322 1089 419 1163 modo,
442 1090 503 1162 scd,
527 1089 606 1163 quod
628 1091 724 1148 maius
744 1093 797 1164 est,
820 1092 913 1149 vitae:
937 1091 1015 1148 unde
1035 1090 1114 1148 enim

91 1182 214 1238 tantum
236 1177 316 1251 boni,
339 1181 374 1236 ut
395 1178 531 1253 pluribus
556 1197 631 1253 quae
650 1182 732 1237 recta
751 1182 821 1237 sunt
838 1177 997 1255 placeant?
1019 1181 1116 1257 igitur

91 1272 127 1327 ut
150 1268 225 1327 velli
252 1270 283 1326 ct
310 1286 423 1327 comam
450 1269 483 1325 in
510 1268 620 1344 gradus
642 1269 780 1345 frangere
804 1268 888 1325 etin
912 1269 1026 1327 balneis
1048 1288 1115 1343 per-

91 1361 217 1434 potare,
254 1356 419 1433 quamlibet
454 1357 527 1414 baec
563 1358 728 1416 invaserint
760 1358 929 1432 civitatem,
965 1377 1025 1417 non
1057 1359 1117 1416 erit

93 1446 288 1519 consuetudo,
316 1447 387 1520 quia
414 1446 491 1504 nihil
517 1446 623 1504 horum
646 1449 728 1504 caret
750 1448 939 1521 reprensione
963 1440 1010 1526 (at
1032 1447 1115 1506 lava-

55 1559 79 1597 1s
92 1556 163 1594 mur
191 1538 222 1594 et
249 1534 409 1593 tondemur
431 1538 461 1592 et
484 1536 669 1594 convivimus
693 1555 727 1594 ex
751 1528 989 1616 consuetudine),
1019 1538 1115 1596 sicin

93 1624 256 1700 loquendo,
279 1642 339 1682 non
361 1623 387 1682 si
411 1624 483 1699 quid
505 1626 613 1683 vitiose
636 1624 739 1683 multis
762 1625 913 1699 insederit,
936 1645 990 1702 pro
1011 1626 1116 1702 regula

95 1715 241 1773 sermonis
270 1713 474 1788 accipiendum
503 1715 567 1771 erit.
608 1733 679 1772 nam
706 1716 741 1771 ut
768 1717 928 1788 transeam,
961 1734 1049 1790 quem
1078 1713 1116 1772 ad
1130 1694 1209 1767 45&

94 1803 218 1862 modum
248 1801 338 1880 vulgo
368 1802 502 1878 imperiti
531 1802 702 1877 loquantur,
733 1805 799 1862 tota
826 1822 913 1878 saepe
941 1804 1059 1862 theatra
1087 1807 1117 1862 et

95 1912 215 1952 omnem
240 1892 311 1950 circi
333 1891 455 1950 turbam
474 1893 653 1951 exclamasse
672 1891 798 1950 barbara
816 1894 934 1951 scimus,
959 1912 1028 1969 ergo
1049 1911 1116 1951 con-

58 1981 287 2042 cosuetudinem
314 1981 457 2039 sermonis
486 1980 598 2040 vocabo
622 1999 795 2040 consensum
820 1981 1011 2055 emditorum,
1039 1982 1118 2040 sicut
1143 2014 1179 2073 s

95 2069 220 2130 vivendi
244 2088 417 2129 consensum
440 2069 592 2128 bonorum.

165 2158 234 2217 VH.
258 2158 353 2234 Nunc,
373 2160 514 2234 quoniam
534 2158 669 2233 diximus,
689 2179 765 2235 quae
785 2160 824 2216 sit
842 2160 986 2234 loquendi
1003 2161 1116 2236 regula,
1136 2159 1151 2212 1

97 2248 271 2322 dicendum,
309 2267 385 2323 quac
422 2247 618 2307 scribentibus
656 2248 861 2321 custodienda,
899 2248 977 2323 quod
1011 2247 1117 2307 Graeci

98 2334 309 2416 ὀρθογραφίαν
341 2340 459 2411 vocant,
495 2356 549 2396 nos
581 2340 677 2396 recte
710 2336 895 2396 scribendi
927 2339 1118 2396 scientiam

61 2448 85 2489 sc
97 2427 295 2486 nominemus.
324 2426 406 2485 cuius
426 2445 474 2485 ars
493 2445 552 2485 non
570 2428 604 2484 in
621 2427 677 2486 hoc
695 2427 794 2502 posita
813 2429 866 2500 est,
889 2429 924 2485 ut
941 2430 1118 2501 noverimus,

99 2514 211 2592 quibus
242 2534 377 2591 quaeque
405 2515 522 2591 syllaba
548 2515 659 2574 litteris
688 2519 802 2575 constet
833 2509 917 2597 (nam
944 2517 975 2574 id
999 2517 1117 2591 quidem

98 2606 180 2664 infra
210 2606 400 2681 grammatici
429 2604 560 2663 officium
590 2597 658 2684 est),
691 2606 742 2663 sed
771 2609 876 2679 totam,
908 2608 943 2663 ut
970 2625 1037 2663 mea
1061 2607 1119 2664 fert

99 2694 216 2771 opinio,
249 2694 450 2769 suptilitatem
481 2695 513 2751 in
546 2693 644 2751 dubiis
671 2695 774 2752 habet:
807 2698 841 2752 ut
868 2695 966 2771 longis
994 2693 1159 2769 syllabis&

100 2782 239 2842 omnibus
263 2782 410 2858 adponere
433 2782 547 2859 apicem
565 2784 788 2859 ineptissimum
806 2786 859 2858 est,
883 2785 955 2859 quia
972 2785 1119 2858 plurimae

63 2894 87 2934 sc
100 2875 211 2932 natura
233 2872 300 2947 ipsa
323 2872 415 2947 verbi,
440 2872 518 2947 quod
542 2872 689 2947 scribitur,
712 2875 825 2948 patent,
850 2873 901 2931 sed
923 2875 1044 2931 interim
1067 2893 1118 2931 ne-

100 2963 272 3035 cessarium,
304 2980 371 3020 cum
404 2962 506 3020 eadem
538 2961 640 3020 littera
673 2962 765 3020 alium
793 2964 883 3037 atque
912 2963 1005 3020 alium
1032 2964 1078 3020 int
1095 2963 1118 3019 l-

100 3053 222 3124 lcctum,
245 3054 334 3126 prout
357 3054 493 3125 correpta
515 3051 564 3108 vel
586 3050 733 3125 producta
756 3054 808 3127 est,
833 3051 917 3109 facit:
940 3054 976 3109 ut
999 3047 1117 3110 ‘malus’
1136 3051 1162 3104 a

101 3140 238 3201 arborem
266 3139 414 3218 significet
441 3158 479 3197 an
507 3140 658 3198 hominem
685 3159 744 3200 non
774 3141 885 3198 bonurn
909 3142 991 3216 apice
1015 3140 1119 3199 distin·

102 3231 214 3308 guitur,
243 3223 351 3304 ‘palus’
377 3228 459 3287 aliud
486 3230 585 3304 priore
614 3229 729 3304 syllaba
752 3231 851 3306 longa,
880 3229 961 3288 aliud
985 3230 1120 3304 sequenti
1228 3220 1229 3224 ¹

175 3434 352 3503 lquidsit,
376 3435 585 3506 quod]qu011
670 3440 703 3487 24
726 3434 779 3487 hoc
798 3449 848 3487 nos
868 3443 890 3485 Α
977 3440 1010 3488 28
1033 3435 1083 3506 utl
1101 3453 1123 3487 u

103 3511 131 3562 io
150 3524 199 3562 vas
218 3515 270 3558 ΑΡ
340 3512 374 3559 33
393 3508 487 3559 utrum
507 3513 571 3561 ante
590 3505 720 3562 arborem
737 3507 784 3563 tas
806 3516 831 3562 Ρ
