<?xml version="1.0" encoding="UTF-8"?>
<!DOCTYPE html PUBLIC "-//W3C//DTD XHTML 1.0 Transitional//EN"
    "http://www.w3.org/TR/xhtml1/DTD/xhtml1-transitional.dtd">
<html xmlns="http://www.w3.org/1999/xhtml" xml:lang="en" lang="en">
 <head>
  <title>
</title>
<meta http-equiv="Content-Type" content="text/html;charset=utf-8" />
  <meta name='ocr-system' content='tesseract 3.04.00' />
  <meta name='ocr-capabilities' content='ocr_page ocr_carea ocr_par ocr_line ocrx_word'/>
</head>
<body>
  <div class='ocr_page' id='page_1' title='image "./mfabiqvintilian00quingoog_0238.png"; bbox 0 0 2460 3854; ppageno 0'>
   <div class='ocr_carea' id='block_1_1' title="bbox 477 130 1117 210">
    <p class='ocr_par' dir='ltr' id='par_1_1' title="bbox 477 130 1117 210">
     <span class='ocr_line' id='line_1_1' title="bbox 477 130 1117 210; baseline 0 -15"><span class='ocrx_word' id='word_1_1' title='bbox 477 141 523 196; x_wconf 83' lang='lat' dir='ltr'><strong>IV.</strong></span> <span class='ocrx_word' id='word_1_2' title='bbox 544 147 569 210; x_wconf 78' lang='lat' dir='ltr'><strong>a,</strong></span> <span class='ocrx_word' id='word_1_3' title='bbox 589 130 739 196; x_wconf 81' lang='lat' dir='ltr'><strong>roe-114.</strong></span> <span class='ocrx_word' id='word_1_4' title='bbox 1050 142 1117 206; x_wconf 84' lang='lat'><strong>219</strong></span> 
     </span>
    </p>
   </div>
   <div class='ocr_carea' id='block_1_2' title="bbox 48 310 1189 2972">
    <p class='ocr_par' dir='ltr' id='par_1_2' title="bbox 48 310 1189 1277">
     <span class='ocr_line' id='line_1_2' title="bbox 48 310 1189 387; baseline 0.003 -24"><span class='ocrx_word' id='word_1_5' title='bbox 48 329 53 335; x_wconf 92' lang='lat'><em>·</em></span> <span class='ocrx_word' id='word_1_6' title='bbox 131 324 179 366; x_wconf 86' lang='lat' dir='ltr'><strong>cun</strong></span> <span class='ocrx_word' id='word_1_7' title='bbox 196 329 237 370; x_wconf 89' lang='lat' dir='ltr'><strong>res</strong></span> <span class='ocrx_word' id='word_1_8' title='bbox 259 313 371 386; x_wconf 87' lang='lat' dir='ltr'><strong>poscet,</strong></span> <span class='ocrx_word' id='word_1_9' title='bbox 394 310 597 369; x_wconf 80' lang='lat' dir='ltr'><strong>defensionem</strong></span> <span class='ocrx_word' id='word_1_10' title='bbox 621 313 652 369; x_wconf 90' lang='lat' dir='ltr'><strong>et</strong></span> <span class='ocrx_word' id='word_1_11' title='bbox 668 313 816 369; x_wconf 89' lang='lat' dir='ltr'><strong>rationem</strong></span> <span class='ocrx_word' id='word_1_12' title='bbox 834 312 995 386; x_wconf 67' lang='lat' dir='ltr'><strong>factorum,</strong></span> <span class='ocrx_word' id='word_1_13' title='bbox 1018 331 1114 387; x_wconf 91' lang='lat' dir='ltr'><strong>neque</strong></span> <span class='ocrx_word' id='word_1_14' title='bbox 1130 311 1189 367; x_wconf 75' lang='lat'><strong>109</strong></span> 
     </span>
     <span class='ocr_line' id='line_1_3' title="bbox 48 399 1115 476; baseline 0.007 -23"><span class='ocrx_word' id='word_1_15' title='bbox 48 436 51 441; x_wconf 81' lang='lat'><em>·</em></span> <span class='ocrx_word' id='word_1_16' title='bbox 129 399 186 456; x_wconf 87' lang='lat' dir='ltr'><strong>enim</strong></span> <span class='ocrx_word' id='word_1_17' title='bbox 204 400 386 458; x_wconf 88' lang='lat' dir='ltr'><strong>narrandum</strong></span> <span class='ocrx_word' id='word_1_18' title='bbox 405 403 449 459; x_wconf 81' lang='lat' dir='ltr'><strong>est</strong></span> <span class='ocrx_word' id='word_1_19' title='bbox 466 403 622 475; x_wconf 86' lang='lat' dir='ltr'><strong>tamquam</strong></span> <span class='ocrx_word' id='word_1_20' title='bbox 635 401 716 474; x_wconf 82' lang='lat' dir='ltr'><strong>testi,</strong></span> <span class='ocrx_word' id='word_1_21' title='bbox 740 400 792 458; x_wconf 90' lang='lat' dir='ltr'><strong>sed</strong></span> <span class='ocrx_word' id='word_1_22' title='bbox 810 403 964 476; x_wconf 76' lang='lat' dir='ltr'><strong>tamquam</strong></span> <span class='ocrx_word' id='word_1_23' title='bbox 978 403 1115 475; x_wconf 87' lang='lat' dir='ltr'><strong>patrono.</strong></span> 
     </span>
     <span class='ocr_line' id='line_1_4' title="bbox 126 484 1115 566; baseline 0.003 -22"><span class='ocrx_word' id='word_1_24' title='bbox 126 488 157 544; x_wconf 90' lang='lat' dir='ltr'><strong>rei</strong></span> <span class='ocrx_word' id='word_1_25' title='bbox 174 489 238 547; x_wconf 91' lang='lat' dir='ltr'><strong>ordo</strong></span> <span class='ocrx_word' id='word_1_26' title='bbox 260 508 315 564; x_wconf 93' lang='lat' dir='ltr'><strong>per</strong></span> <span class='ocrx_word' id='word_1_27' title='bbox 338 507 368 547; x_wconf 88' lang='lat' dir='ltr'><strong>se</strong></span> <span class='ocrx_word' id='word_1_28' title='bbox 398 489 469 547; x_wconf 88' lang='lat' dir='ltr'><strong>talis</strong></span> <span class='ocrx_word' id='word_1_29' title='bbox 497 492 555 546; x_wconf 89' lang='lat' dir='ltr'><strong>est:</strong></span> <span class='ocrx_word' id='word_1_30' title='bbox 588 484 634 558; x_wconf 75' lang='grc' dir='ltr'><strong>Ὦ.</strong></span> <span class='ocrx_word' id='word_1_31' title='bbox 662 487 802 566; x_wconf 80' lang='lat' dir='ltr'>Ligarius</span> <span class='ocrx_word' id='word_1_32' title='bbox 834 490 951 566; x_wconf 83' lang='lat' dir='ltr'><strong>legatus</strong></span> <span class='ocrx_word' id='word_1_33' title='bbox 981 489 1010 548; x_wconf 84' lang='lat' dir='ltr'><strong>O.</strong></span> <span class='ocrx_word' id='word_1_34' title='bbox 1041 489 1115 549; x_wconf 77' lang='lat' dir='ltr'><strong>Con-</strong></span> 
     </span>
     <span class='ocr_line' id='line_1_5' title="bbox 48 572 1115 656; baseline 0.005 -24"><span class='ocrx_word' id='word_1_35' title='bbox 48 600 53 605; x_wconf 94' lang='lat'><em>·</em></span> <span class='ocrx_word' id='word_1_36' title='bbox 124 575 180 635; x_wconf 91' lang='lat' dir='ltr'><strong>sidio</strong></span> <span class='ocrx_word' id='word_1_37' title='bbox 199 572 370 654; x_wconf 86' lang='lat' dir='ltr'><strong>profectus&#39;.</strong></span> <span class='ocrx_word' id='word_1_38' title='bbox 398 578 471 654; x_wconf 92' lang='lat' dir='ltr'><strong>quid</strong></span> <span class='ocrx_word' id='word_1_39' title='bbox 495 597 565 656; x_wconf 85' lang='lat' dir='ltr'><strong>ergo</strong></span> <span class='ocrx_word' id='word_1_40' title='bbox 589 577 628 635; x_wconf 91' lang='lat' dir='ltr'><strong>M.</strong></span> <span class='ocrx_word' id='word_1_41' title='bbox 652 578 785 638; x_wconf 70' lang='lat' dir='ltr'><strong>Tullius?</strong></span> <span class='ocrx_word' id='word_1_42' title='bbox 813 573 858 646; x_wconf 76' lang='lat' dir='ltr'><strong>‘Q.</strong></span> <span class='ocrx_word' id='word_1_43' title='bbox 883 574 983 653; x_wconf 91' lang='lat' dir='ltr'><strong>enim’,</strong></span> <span class='ocrx_word' id='word_1_44' title='bbox 1006 581 1115 654; x_wconf 91' lang='lat' dir='ltr'><strong>inquit,</strong></span> 
     </span>
     <span class='ocr_line' id='line_1_6' title="bbox 48 658 1114 744; baseline 0.005 -25"><span class='ocrx_word' id='word_1_45' title='bbox 48 685 52 709; x_wconf 87' lang='lat'>=</span> <span class='ocrx_word' id='word_1_46' title='bbox 103 658 263 743; x_wconf 78' lang='lat' dir='ltr'><strong>s‘bigerius,</strong></span> <span class='ocrx_word' id='word_1_47' title='bbox 297 686 365 725; x_wconf 87' lang='lat' dir='ltr'><strong>cum</strong></span> <span class='ocrx_word' id='word_1_48' title='bbox 402 669 479 726; x_wconf 88' lang='lat' dir='ltr'><strong>esset</strong></span> <span class='ocrx_word' id='word_1_49' title='bbox 514 667 601 725; x_wconf 89' lang='lat' dir='ltr'><strong>nulla</strong></span> <span class='ocrx_word' id='word_1_50' title='bbox 640 667 712 724; x_wconf 89' lang='lat' dir='ltr'><strong>belli</strong></span> <span class='ocrx_word' id='word_1_51' title='bbox 749 669 892 742; x_wconf 89' lang='lat' dir='ltr'><strong>suspicio,</strong></span> <span class='ocrx_word' id='word_1_52' title='bbox 928 669 1046 744; x_wconf 85' lang='lat' dir='ltr'><strong>legatus</strong></span> <span class='ocrx_word' id='word_1_53' title='bbox 1083 669 1114 725; x_wconf 90' lang='lat' dir='ltr'><strong>in</strong></span> 
     </span>
     <span class='ocr_line' id='line_1_7' title="bbox 48 750 1188 832; baseline -0.002 -19"><span class='ocrx_word' id='word_1_54' title='bbox 48 774 53 781; x_wconf 91' lang='lat'>·</span> <span class='ocrx_word' id='word_1_55' title='bbox 118 752 232 814; x_wconf 76' lang='lat' dir='ltr'><strong>Affioam</strong></span> <span class='ocrx_word' id='word_1_56' title='bbox 257 754 288 815; x_wconf 80' lang='grc'><strong>(1.</strong></span> <span class='ocrx_word' id='word_1_57' title='bbox 313 755 452 815; x_wconf 75' lang='lat' dir='ltr'>Considio</span> <span class='ocrx_word' id='word_1_58' title='bbox 476 757 626 832; x_wconf 88' lang='lat' dir='ltr'><strong>profectus</strong></span> <span class='ocrx_word' id='word_1_59' title='bbox 655 750 725 814; x_wconf 90' lang='lat' dir='ltr'><strong>est&#39;:</strong></span> <span class='ocrx_word' id='word_1_60' title='bbox 755 759 785 814; x_wconf 89' lang='lat' dir='ltr'><strong>et</strong></span> <span class='ocrx_word' id='word_1_61' title='bbox 812 757 899 815; x_wconf 89' lang='lat' dir='ltr'><strong>alibi:</strong></span> <span class='ocrx_word' id='word_1_62' title='bbox 927 751 998 815; x_wconf 81' lang='lat' dir='ltr'><strong>‘non</strong></span> <span class='ocrx_word' id='word_1_63' title='bbox 1025 758 1113 816; x_wconf 90' lang='lat' dir='ltr'><strong>modo</strong></span> <span class='ocrx_word' id='word_1_64' title='bbox 1129 757 1188 812; x_wconf 87' lang='lat' dir='ltr'><strong>no</strong></span> 
     </span>
     <span class='ocr_line' id='line_1_8' title="bbox 48 837 1114 922; baseline 0.002 -20"><span class='ocrx_word' id='word_1_65' title='bbox 48 863 54 869; x_wconf 92' lang='lat'>·</span> <span class='ocrx_word' id='word_1_66' title='bbox 116 837 258 922; x_wconf 75' lang='lat' dir='ltr'><strong>(nullum)</strong></span> <span class='ocrx_word' id='word_1_67' title='bbox 282 845 321 902; x_wconf 91' lang='lat' dir='ltr'><strong>ad</strong></span> <span class='ocrx_word' id='word_1_68' title='bbox 343 845 465 918; x_wconf 89' lang='lat' dir='ltr'><strong>bellum,</strong></span> <span class='ocrx_word' id='word_1_69' title='bbox 492 845 544 904; x_wconf 90' lang='lat' dir='ltr'><strong>sed</strong></span> <span class='ocrx_word' id='word_1_70' title='bbox 570 864 608 903; x_wconf 91' lang='lat' dir='ltr'><strong>ne</strong></span> <span class='ocrx_word' id='word_1_71' title='bbox 636 845 674 904; x_wconf 90' lang='lat' dir='ltr'><strong>ad</strong></span> <span class='ocrx_word' id='word_1_72' title='bbox 697 847 852 903; x_wconf 83' lang='lat' dir='ltr'><strong>minimam</strong></span> <span class='ocrx_word' id='word_1_73' title='bbox 878 845 998 920; x_wconf 89' lang='lat' dir='ltr'><strong>quidem</strong></span> <span class='ocrx_word' id='word_1_74' title='bbox 1020 846 1114 921; x_wconf 92' lang='lat' dir='ltr'><strong>suspi-</strong></span> 
     </span>
     <span class='ocr_line' id='line_1_9' title="bbox 48 928 1115 1012; baseline 0.004 -22"><span class='ocrx_word' id='word_1_75' title='bbox 48 953 53 958; x_wconf 93' lang='lat'>·</span> <span class='ocrx_word' id='word_1_76' title='bbox 113 935 214 992; x_wconf 91' lang='lat' dir='ltr'><strong>cionem</strong></span> <span class='ocrx_word' id='word_1_77' title='bbox 237 928 331 994; x_wconf 88' lang='lat' dir='ltr'><strong>belli&#39;.</strong></span> <span class='ocrx_word' id='word_1_78' title='bbox 362 936 392 992; x_wconf 92' lang='lat' dir='ltr'><strong>et</strong></span> <span class='ocrx_word' id='word_1_79' title='bbox 415 953 482 992; x_wconf 91' lang='lat' dir='ltr'><strong>cum</strong></span> <span class='ocrx_word' id='word_1_80' title='bbox 505 937 582 993; x_wconf 91' lang='lat' dir='ltr'><strong>esset</strong></span> <span class='ocrx_word' id='word_1_81' title='bbox 604 934 774 992; x_wconf 90' lang='lat' dir='ltr'><strong>indicaturo</strong></span> <span class='ocrx_word' id='word_1_82' title='bbox 803 936 876 993; x_wconf 90' lang='lat' dir='ltr'><strong>satis</strong></span> <span class='ocrx_word' id='word_1_83' title='bbox 906 931 950 1003; x_wconf 83' lang='lat' dir='ltr'><strong>‘Q.</strong></span> <span class='ocrx_word' id='word_1_84' title='bbox 974 935 1115 1012; x_wconf 83' lang='lat' dir='ltr'><strong>Ligarius</strong></span> 
     </span>
     <span class='ocr_line' id='line_1_10' title="bbox 48 1020 1115 1099; baseline 0.003 -20"><span class='ocrx_word' id='word_1_85' title='bbox 48 1061 49 1064; x_wconf 17' lang='grc' dir='ltr'>η</span> <span class='ocrx_word' id='word_1_86' title='bbox 110 1023 182 1082; x_wconf 90' lang='lat' dir='ltr'><strong>nullo</strong></span> <span class='ocrx_word' id='word_1_87' title='bbox 213 1041 244 1081; x_wconf 91' lang='lat' dir='ltr'><strong>se</strong></span> <span class='ocrx_word' id='word_1_88' title='bbox 272 1022 421 1099; x_wconf 89' lang='lat' dir='ltr'><strong>implicari</strong></span> <span class='ocrx_word' id='word_1_89' title='bbox 450 1025 571 1099; x_wconf 86' lang='lat' dir='ltr'><strong>negotio</strong></span> <span class='ocrx_word' id='word_1_90' title='bbox 604 1041 708 1098; x_wconf 86' lang='lat' dir='ltr'><strong>passus</strong></span> <span class='ocrx_word' id='word_1_91' title='bbox 742 1020 807 1097; x_wconf 90' lang='lat' dir='ltr'><strong>est’,</strong></span> <span class='ocrx_word' id='word_1_92' title='bbox 841 1024 950 1082; x_wconf 90' lang='lat' dir='ltr'><strong>adiecit</strong></span> <span class='ocrx_word' id='word_1_93' title='bbox 983 1020 1115 1082; x_wconf 83' lang='lat' dir='ltr'><strong>‘domum</strong></span> 
     </span>
     <span class='ocr_line' id='line_1_11' title="bbox 82 1108 1116 1188; baseline 0.006 -22"><span class='ocrx_word' id='word_1_94' title='bbox 82 1128 99 1168; x_wconf 84' lang='lat' dir='ltr'><strong>rc</strong></span> <span class='ocrx_word' id='word_1_95' title='bbox 108 1115 245 1187; x_wconf 86' lang='lat' dir='ltr'><strong>spectans,</strong></span> <span class='ocrx_word' id='word_1_96' title='bbox 269 1112 309 1170; x_wconf 92' lang='lat' dir='ltr'><strong>ad</strong></span> <span class='ocrx_word' id='word_1_97' title='bbox 331 1131 398 1171; x_wconf 89' lang='lat' dir='ltr'><strong>suos</strong></span> <span class='ocrx_word' id='word_1_98' title='bbox 421 1111 518 1170; x_wconf 91' lang='lat' dir='ltr'><strong>redire</strong></span> <span class='ocrx_word' id='word_1_99' title='bbox 542 1108 685 1187; x_wconf 89' lang='lat' dir='ltr'><strong>cupiens&#39;.</strong></span> <span class='ocrx_word' id='word_1_100' title='bbox 713 1114 759 1170; x_wconf 87' lang='lat' dir='ltr'><strong>ite</strong></span> <span class='ocrx_word' id='word_1_101' title='bbox 782 1113 862 1187; x_wconf 95' lang='lat' dir='ltr'><strong>quod</strong></span> <span class='ocrx_word' id='word_1_102' title='bbox 891 1114 1057 1188; x_wconf 82' lang='lat' dir='ltr'><strong>exponebat</strong></span> <span class='ocrx_word' id='word_1_103' title='bbox 1085 1117 1116 1172; x_wconf 91' lang='lat' dir='ltr'><strong>et</strong></span> 
     </span>
     <span class='ocr_line' id='line_1_12' title="bbox 105 1201 975 1277; baseline 0 -17"><span class='ocrx_word' id='word_1_104' title='bbox 105 1203 214 1260; x_wconf 88' lang='lat' dir='ltr'><strong>ratione</strong></span> <span class='ocrx_word' id='word_1_105' title='bbox 242 1201 315 1259; x_wconf 84' lang='lat' dir='ltr'><strong>fecit</strong></span> <span class='ocrx_word' id='word_1_106' title='bbox 339 1201 478 1259; x_wconf 82' lang='lat' dir='ltr'><strong>credibile</strong></span> <span class='ocrx_word' id='word_1_107' title='bbox 502 1204 532 1259; x_wconf 91' lang='lat' dir='ltr'><strong>et</strong></span> <span class='ocrx_word' id='word_1_108' title='bbox 556 1201 674 1260; x_wconf 87' lang='lat' dir='ltr'><strong>adfectu</strong></span> <span class='ocrx_word' id='word_1_109' title='bbox 698 1221 816 1276; x_wconf 88' lang='lat' dir='ltr'><strong>quoque</strong></span> <span class='ocrx_word' id='word_1_110' title='bbox 839 1202 975 1277; x_wconf 77' lang='lat' dir='ltr'><strong>inplevit.</strong></span> 
     </span>
    </p>

    <p class='ocr_par' dir='ltr' id='par_1_3' title="bbox 102 1289 1186 1547">
     <span class='ocr_line' id='line_1_13' title="bbox 163 1289 1186 1368; baseline -0.005 -20"><span class='ocrx_word' id='word_1_111' title='bbox 163 1289 229 1359; x_wconf 84' lang='lat' dir='ltr'><strong>Quo</strong></span> <span class='ocrx_word' id='word_1_112' title='bbox 252 1289 349 1368; x_wconf 85' lang='lat' dir='ltr'><strong>magis</strong></span> <span class='ocrx_word' id='word_1_113' title='bbox 366 1293 459 1348; x_wconf 89' lang='lat' dir='ltr'><strong>miror</strong></span> <span class='ocrx_word' id='word_1_114' title='bbox 478 1309 535 1363; x_wconf 77' lang='lat' dir='ltr'><strong>eoa,</strong></span> <span class='ocrx_word' id='word_1_115' title='bbox 559 1293 613 1365; x_wconf 93' lang='lat' dir='ltr'><strong>qui</strong></span> <span class='ocrx_word' id='word_1_116' title='bbox 630 1310 690 1348; x_wconf 92' lang='lat' dir='ltr'><strong>non</strong></span> <span class='ocrx_word' id='word_1_117' title='bbox 707 1293 819 1365; x_wconf 87' lang='lat' dir='ltr'><strong>putant</strong></span> <span class='ocrx_word' id='word_1_118' title='bbox 837 1292 982 1349; x_wconf 89' lang='lat' dir='ltr'><strong>utendum</strong></span> <span class='ocrx_word' id='word_1_119' title='bbox 1000 1293 1032 1349; x_wconf 92' lang='lat' dir='ltr'><strong>in</strong></span> <span class='ocrx_word' id='word_1_120' title='bbox 1046 1311 1113 1348; x_wconf 92' lang='lat' dir='ltr'><strong>nar·</strong></span> <span class='ocrx_word' id='word_1_121' title='bbox 1129 1290 1186 1345; x_wconf 93' lang='lat'><strong>111</strong></span> 
     </span>
     <span class='ocr_line' id='line_1_14' title="bbox 102 1375 1114 1455; baseline 0.001 -19"><span class='ocrx_word' id='word_1_122' title='bbox 102 1380 212 1438; x_wconf 83' lang='lat' dir='ltr'><strong>ratione</strong></span> <span class='ocrx_word' id='word_1_123' title='bbox 237 1379 412 1438; x_wconf 81' lang='lat' dir='ltr'><strong>adfectibus.</strong></span> <span class='ocrx_word' id='word_1_124' title='bbox 436 1381 490 1454; x_wconf 92' lang='lat' dir='ltr'><strong>qui</strong></span> <span class='ocrx_word' id='word_1_125' title='bbox 513 1381 539 1438; x_wconf 88' lang='lat' dir='ltr'><strong>si</strong></span> <span class='ocrx_word' id='word_1_126' title='bbox 561 1379 617 1438; x_wconf 92' lang='lat' dir='ltr'><strong>hoc</strong></span> <span class='ocrx_word' id='word_1_127' title='bbox 636 1380 740 1438; x_wconf 88' lang='lat' dir='ltr'><strong>dieunt</strong></span> <span class='ocrx_word' id='word_1_128' title='bbox 760 1375 830 1437; x_wconf 82' lang='lat' dir='ltr'><strong>‘non</strong></span> <span class='ocrx_word' id='word_1_129' title='bbox 849 1380 901 1438; x_wconf 89' lang='lat' dir='ltr'><strong>diu</strong></span> <span class='ocrx_word' id='word_1_130' title='bbox 920 1399 1015 1455; x_wconf 89' lang='lat' dir='ltr'><strong>neque</strong></span> <span class='ocrx_word' id='word_1_131' title='bbox 1035 1380 1114 1438; x_wconf 92' lang='lat' dir='ltr'><strong>utin</strong></span> 
     </span>
     <span class='ocr_line' id='line_1_15' title="bbox 102 1463 1114 1547; baseline -0.001 -20"><span class='ocrx_word' id='word_1_132' title='bbox 102 1463 237 1547; x_wconf 87' lang='lat' dir='ltr'><strong>epilogo&#39;,</strong></span> <span class='ocrx_word' id='word_1_133' title='bbox 260 1486 377 1526; x_wconf 89' lang='lat' dir='ltr'><strong>mecum</strong></span> <span class='ocrx_word' id='word_1_134' title='bbox 404 1469 549 1527; x_wconf 89' lang='lat' dir='ltr'><strong>sentiunt:</strong></span> <span class='ocrx_word' id='word_1_135' title='bbox 583 1467 767 1546; x_wconf 85' lang='lat' dir='ltr'><strong>effugiendae</strong></span> <span class='ocrx_word' id='word_1_136' title='bbox 799 1471 870 1527; x_wconf 88' lang='lat' dir='ltr'><strong>sunt</strong></span> <span class='ocrx_word' id='word_1_137' title='bbox 897 1469 976 1526; x_wconf 90' lang='lat' dir='ltr'><strong>enim</strong></span> <span class='ocrx_word' id='word_1_138' title='bbox 1004 1488 1114 1527; x_wconf 86' lang='lat' dir='ltr'><strong>morae.</strong></span> 
     </span>
    </p>

    <p class='ocr_par' dir='ltr' id='par_1_4' title="bbox 73 1557 1186 1989">
     <span class='ocr_line' id='line_1_16' title="bbox 73 1557 1115 1634; baseline 0.002 -21"><span class='ocrx_word' id='word_1_139' title='bbox 73 1575 91 1615; x_wconf 83' lang='lat' dir='ltr'><strong>u</strong></span> <span class='ocrx_word' id='word_1_140' title='bbox 102 1561 229 1616; x_wconf 89' lang='lat' dir='ltr'><strong>ceterum</strong></span> <span class='ocrx_word' id='word_1_141' title='bbox 243 1576 296 1616; x_wconf 91' lang='lat' dir='ltr'><strong>cur</strong></span> <span class='ocrx_word' id='word_1_142' title='bbox 310 1576 364 1634; x_wconf 85' lang='lat' dir='ltr'><strong>ego</strong></span> <span class='ocrx_word' id='word_1_143' title='bbox 384 1557 514 1615; x_wconf 89' lang='lat' dir='ltr'><strong>iudicem</strong></span> <span class='ocrx_word' id='word_1_144' title='bbox 531 1558 634 1632; x_wconf 89' lang='lat' dir='ltr'><strong>nolim,</strong></span> <span class='ocrx_word' id='word_1_145' title='bbox 654 1557 724 1615; x_wconf 88' lang='lat' dir='ltr'><strong>dum</strong></span> <span class='ocrx_word' id='word_1_146' title='bbox 743 1557 843 1631; x_wconf 91' lang='lat' dir='ltr'><strong>doceo,</strong></span> <span class='ocrx_word' id='word_1_147' title='bbox 863 1559 954 1616; x_wconf 89' lang='lat' dir='ltr'><strong>etiam</strong></span> <span class='ocrx_word' id='word_1_148' title='bbox 972 1557 1115 1617; x_wconf 80' lang='lat' dir='ltr'><strong>movere?</strong></span> 
     </span>
     <span class='ocr_line' id='line_1_17' title="bbox 100 1646 1186 1723; baseline -0.006 -18"><span class='ocrx_word' id='word_1_149' title='bbox 100 1665 149 1705; x_wconf 90' lang='lat' dir='ltr'><strong>cur</strong></span> <span class='ocrx_word' id='word_1_150' title='bbox 185 1646 268 1723; x_wconf 88' lang='lat' dir='ltr'><strong>quod</strong></span> <span class='ocrx_word' id='word_1_151' title='bbox 299 1649 332 1704; x_wconf 91' lang='lat' dir='ltr'><strong>in</strong></span> <span class='ocrx_word' id='word_1_152' title='bbox 368 1665 485 1704; x_wconf 89' lang='lat' dir='ltr'><strong>summa</strong></span> <span class='ocrx_word' id='word_1_153' title='bbox 521 1665 588 1705; x_wconf 92' lang='lat' dir='ltr'><strong>sum</strong></span> <span class='ocrx_word' id='word_1_154' title='bbox 626 1647 752 1705; x_wconf 88' lang='lat' dir='ltr'><strong>actionis</strong></span> <span class='ocrx_word' id='word_1_155' title='bbox 782 1648 942 1721; x_wconf 86' lang='lat' dir='ltr'><strong>petiturus,</strong></span> <span class='ocrx_word' id='word_1_156' title='bbox 980 1667 1040 1706; x_wconf 93' lang='lat' dir='ltr'><strong>non</strong></span> <span class='ocrx_word' id='word_1_157' title='bbox 1080 1650 1113 1705; x_wconf 89' lang='lat' dir='ltr'><strong>in</strong></span> <span class='ocrx_word' id='word_1_158' title='bbox 1128 1646 1186 1700; x_wconf 71' lang='lat'><strong>112</strong></span> 
     </span>
     <span class='ocr_line' id='line_1_18' title="bbox 99 1734 1114 1812; baseline -0.001 -17"><span class='ocrx_word' id='word_1_159' title='bbox 99 1739 193 1811; x_wconf 89' lang='lat' dir='ltr'><strong>prim0</strong></span> <span class='ocrx_word' id='word_1_160' title='bbox 217 1735 323 1795; x_wconf 90' lang='lat' dir='ltr'><strong>stetim</strong></span> <span class='ocrx_word' id='word_1_161' title='bbox 345 1754 445 1793; x_wconf 91' lang='lat' dir='ltr'><strong>rerum</strong></span> <span class='ocrx_word' id='word_1_162' title='bbox 471 1737 620 1812; x_wconf 85' lang='lat' dir='ltr'><strong>ingressu,</strong></span> <span class='ocrx_word' id='word_1_163' title='bbox 649 1735 674 1794; x_wconf 92' lang='lat' dir='ltr'><strong>si</strong></span> <span class='ocrx_word' id='word_1_164' title='bbox 701 1734 766 1794; x_wconf 89' lang='lat' dir='ltr'><strong>fieri</strong></span> <span class='ocrx_word' id='word_1_165' title='bbox 793 1738 901 1811; x_wconf 89' lang='lat' dir='ltr'><strong>potest,</strong></span> <span class='ocrx_word' id='word_1_166' title='bbox 930 1736 1114 1812; x_wconf 80' lang='lat' dir='ltr'><strong>consequar?</strong></span> 
     </span>
     <span class='ocr_line' id='line_1_19' title="bbox 99 1823 1114 1900; baseline 0.002 -18"><span class='ocrx_word' id='word_1_167' title='bbox 99 1843 163 1882; x_wconf 93' lang='lat' dir='ltr'><strong>cum</strong></span> <span class='ocrx_word' id='word_1_168' title='bbox 200 1826 377 1900; x_wconf 85' lang='lat' dir='ltr'><strong>praesertim</strong></span> <span class='ocrx_word' id='word_1_169' title='bbox 414 1824 502 1882; x_wconf 91' lang='lat' dir='ltr'><strong>etiam</strong></span> <span class='ocrx_word' id='word_1_170' title='bbox 536 1827 569 1882; x_wconf 89' lang='lat' dir='ltr'><strong>in</strong></span> <span class='ocrx_word' id='word_1_171' title='bbox 598 1823 825 1900; x_wconf 87' lang='lat' dir='ltr'><strong>probationibus</strong></span> <span class='ocrx_word' id='word_1_172' title='bbox 855 1826 1021 1884; x_wconf 78' lang='lat' dir='ltr'><strong>faciliorem</strong></span> <span class='ocrx_word' id='word_1_173' title='bbox 1058 1828 1114 1884; x_wconf 91' lang='lat' dir='ltr'><strong>sim</strong></span> 
     </span>
     <span class='ocr_line' id='line_1_20' title="bbox 99 1912 1114 1989; baseline 0.001 -17"><span class='ocrx_word' id='word_1_174' title='bbox 99 1917 231 1972; x_wconf 90' lang='lat' dir='ltr'><strong>animum</strong></span> <span class='ocrx_word' id='word_1_175' title='bbox 255 1916 318 1972; x_wconf 88' lang='lat' dir='ltr'><strong>eius</strong></span> <span class='ocrx_word' id='word_1_176' title='bbox 340 1912 498 1972; x_wconf 88' lang='lat' dir='ltr'><strong>habiturus</strong></span> <span class='ocrx_word' id='word_1_177' title='bbox 522 1917 701 1989; x_wconf 86' lang='lat' dir='ltr'><strong>occupatum</strong></span> <span class='ocrx_word' id='word_1_178' title='bbox 724 1914 772 1972; x_wconf 91' lang='lat' dir='ltr'><strong>vel</strong></span> <span class='ocrx_word' id='word_1_179' title='bbox 790 1915 837 1971; x_wconf 89' lang='lat' dir='ltr'><strong>ira</strong></span> <span class='ocrx_word' id='word_1_180' title='bbox 851 1915 900 1972; x_wconf 93' lang='lat' dir='ltr'><strong>vel</strong></span> <span class='ocrx_word' id='word_1_181' title='bbox 914 1916 1114 1974; x_wconf 89' lang='lat' dir='ltr'><strong>miseratione.</strong></span> 
     </span>
    </p>

    <p class='ocr_par' dir='ltr' id='par_1_5' title="bbox 69 2002 1187 2438">
     <span class='ocr_line' id='line_1_21' title="bbox 69 2002 1187 2063; baseline -0.003 -4"><span class='ocrx_word' id='word_1_182' title='bbox 69 2020 134 2060; x_wconf 82' lang='lat' dir='ltr'><strong>roan</strong></span> <span class='ocrx_word' id='word_1_183' title='bbox 166 2023 228 2061; x_wconf 92' lang='lat' dir='ltr'><strong>non</strong></span> <span class='ocrx_word' id='word_1_184' title='bbox 262 2003 301 2060; x_wconf 91' lang='lat' dir='ltr'><strong>M.</strong></span> <span class='ocrx_word' id='word_1_185' title='bbox 334 2003 452 2061; x_wconf 87' lang='lat' dir='ltr'><strong>Tullius</strong></span> <span class='ocrx_word' id='word_1_186' title='bbox 485 2002 563 2061; x_wconf 93' lang='lat' dir='ltr'><strong>circa</strong></span> <span class='ocrx_word' id='word_1_187' title='bbox 595 2002 719 2060; x_wconf 89' lang='lat' dir='ltr'><strong>verbera</strong></span> <span class='ocrx_word' id='word_1_188' title='bbox 752 2005 825 2062; x_wconf 90' lang='lat' dir='ltr'><strong>civis</strong></span> <span class='ocrx_word' id='word_1_189' title='bbox 857 2003 986 2062; x_wconf 88' lang='lat' dir='ltr'><strong>Romani</strong></span> <span class='ocrx_word' id='word_1_190' title='bbox 1016 2003 1187 2063; x_wconf 80' lang='lat' dir='ltr'><strong>omnisne</strong></span> 
     </span>
     <span class='ocr_line' id='line_1_22' title="bbox 97 2091 1113 2169; baseline 0 -17"><span class='ocrx_word' id='word_1_191' title='bbox 97 2092 271 2152; x_wconf 90' lang='lat' dir='ltr'><strong>brevissime</strong></span> <span class='ocrx_word' id='word_1_192' title='bbox 293 2094 390 2150; x_wconf 91' lang='lat' dir='ltr'><strong>movit</strong></span> <span class='ocrx_word' id='word_1_193' title='bbox 420 2091 563 2165; x_wconf 81' lang='lat' dir='ltr'><strong>adfectae,</strong></span> <span class='ocrx_word' id='word_1_194' title='bbox 595 2111 655 2150; x_wconf 91' lang='lat' dir='ltr'><strong>non</strong></span> <span class='ocrx_word' id='word_1_195' title='bbox 684 2092 782 2150; x_wconf 89' lang='lat' dir='ltr'><strong>solum</strong></span> <span class='ocrx_word' id='word_1_196' title='bbox 809 2091 981 2150; x_wconf 91' lang='lat' dir='ltr'><strong>condicione</strong></span> <span class='ocrx_word' id='word_1_197' title='bbox 1009 2093 1113 2169; x_wconf 89' lang='lat' dir='ltr'><strong>ipsius,</strong></span> 
     </span>
     <span class='ocr_line' id='line_1_23' title="bbox 96 2180 1113 2258; baseline 0 -18"><span class='ocrx_word' id='word_1_198' title='bbox 96 2183 160 2240; x_wconf 90' lang='lat' dir='ltr'><strong>loeo</strong></span> <span class='ocrx_word' id='word_1_199' title='bbox 184 2181 324 2254; x_wconf 89' lang='lat' dir='ltr'><strong>iniuriae,</strong></span> <span class='ocrx_word' id='word_1_200' title='bbox 347 2200 454 2258; x_wconf 82' lang='lat' dir='ltr'><strong>genere</strong></span> <span class='ocrx_word' id='word_1_201' title='bbox 477 2181 646 2255; x_wconf 92' lang='lat' dir='ltr'><strong>verberum,</strong></span> <span class='ocrx_word' id='word_1_202' title='bbox 679 2181 730 2240; x_wconf 90' lang='lat' dir='ltr'><strong>sed</strong></span> <span class='ocrx_word' id='word_1_203' title='bbox 758 2180 851 2239; x_wconf 88' lang='lat' dir='ltr'><strong>animi</strong></span> <span class='ocrx_word' id='word_1_204' title='bbox 883 2199 1002 2257; x_wconf 91' lang='lat' dir='ltr'><strong>quoque</strong></span> <span class='ocrx_word' id='word_1_205' title='bbox 1036 2201 1113 2241; x_wconf 92' lang='lat' dir='ltr'><strong>eom-</strong></span> 
     </span>
     <span class='ocr_line' id='line_1_24' title="bbox 97 2268 1114 2345; baseline 0 -16"><span class='ocrx_word' id='word_1_206' title='bbox 97 2268 307 2330; x_wconf 78' lang='lat' dir='ltr'><strong>mendatione‘?</strong></span> <span class='ocrx_word' id='word_1_207' title='bbox 344 2288 494 2328; x_wconf 89' lang='lat' dir='ltr'><strong>summum</strong></span> <span class='ocrx_word' id='word_1_208' title='bbox 530 2272 610 2328; x_wconf 89' lang='lat' dir='ltr'><strong>enim</strong></span> <span class='ocrx_word' id='word_1_209' title='bbox 641 2270 741 2328; x_wconf 88' lang='lat' dir='ltr'><strong>virum</strong></span> <span class='ocrx_word' id='word_1_210' title='bbox 768 2269 912 2344; x_wconf 84' lang='lat' dir='ltr'><strong>ostendit,</strong></span> <span class='ocrx_word' id='word_1_211' title='bbox 945 2273 1013 2345; x_wconf 91' lang='lat' dir='ltr'><strong>qui,</strong></span> <span class='ocrx_word' id='word_1_212' title='bbox 1047 2289 1114 2329; x_wconf 92' lang='lat' dir='ltr'><strong>cum</strong></span> 
     </span>
     <span class='ocr_line' id='line_1_25' title="bbox 97 2359 1113 2438; baseline 0 -20"><span class='ocrx_word' id='word_1_213' title='bbox 97 2361 190 2438; x_wconf 85' lang='lat' dir='ltr'><strong>virgis</strong></span> <span class='ocrx_word' id='word_1_214' title='bbox 214 2359 395 2433; x_wconf 87' lang='lat' dir='ltr'><strong>caederetur,</strong></span> <span class='ocrx_word' id='word_1_215' title='bbox 418 2379 478 2418; x_wconf 94' lang='lat' dir='ltr'><strong>non</strong></span> <span class='ocrx_word' id='word_1_216' title='bbox 500 2361 688 2436; x_wconf 85' lang='lat' dir='ltr'><strong>ingemuerit,</strong></span> <span class='ocrx_word' id='word_1_217' title='bbox 711 2379 771 2418; x_wconf 93' lang='lat' dir='ltr'><strong>non</strong></span> <span class='ocrx_word' id='word_1_218' title='bbox 794 2361 955 2437; x_wconf 86' lang='lat' dir='ltr'><strong>rogaverit,</strong></span> <span class='ocrx_word' id='word_1_219' title='bbox 978 2361 1029 2418; x_wconf 90' lang='lat' dir='ltr'><strong>sed</strong></span> <span class='ocrx_word' id='word_1_220' title='bbox 1047 2364 1113 2418; x_wconf 89' lang='lat' dir='ltr'><strong>tan·</strong></span> 
     </span>
    </p>

    <p class='ocr_par' dir='ltr' id='par_1_6' title="bbox 67 2444 1187 2880">
     <span class='ocr_line' id='line_1_26' title="bbox 67 2444 1114 2508; baseline 0.006 -6"><span class='ocrx_word' id='word_1_221' title='bbox 67 2452 159 2508; x_wconf 82' lang='lat' dir='ltr'><strong>atum</strong></span> <span class='ocrx_word' id='word_1_222' title='bbox 185 2449 280 2507; x_wconf 90' lang='lat' dir='ltr'><strong>civem</strong></span> <span class='ocrx_word' id='word_1_223' title='bbox 308 2444 339 2507; x_wconf 90' lang='grc'><strong>66</strong></span> <span class='ocrx_word' id='word_1_224' title='bbox 362 2448 530 2506; x_wconf 89' lang='lat' dir='ltr'><strong>Romanum</strong></span> <span class='ocrx_word' id='word_1_225' title='bbox 557 2467 621 2508; x_wconf 90' lang='grc'>6666</span> <span class='ocrx_word' id='word_1_226' title='bbox 654 2467 722 2506; x_wconf 91' lang='lat' dir='ltr'><strong>cum</strong></span> <span class='ocrx_word' id='word_1_227' title='bbox 754 2449 869 2508; x_wconf 87' lang='lat' dir='ltr'><strong>invidia</strong></span> <span class='ocrx_word' id='word_1_228' title='bbox 902 2449 1052 2508; x_wconf 88' lang='lat' dir='ltr'><strong>caedentis</strong></span> <span class='ocrx_word' id='word_1_229' title='bbox 1083 2453 1114 2508; x_wconf 91' lang='lat' dir='ltr'><strong>et</strong></span> 
     </span>
     <span class='ocr_line' id='line_1_27' title="bbox 97 2536 1187 2612; baseline -0.004 -17"><span class='ocrx_word' id='word_1_230' title='bbox 97 2537 205 2597; x_wconf 89' lang='lat' dir='ltr'><strong>fiducia</strong></span> <span class='ocrx_word' id='word_1_231' title='bbox 232 2537 306 2596; x_wconf 85' lang='lat' dir='ltr'><strong>iuris</strong></span> <span class='ocrx_word' id='word_1_232' title='bbox 337 2538 519 2596; x_wconf 88' lang='lat' dir='ltr'><strong>clamaverit.</strong></span> <span class='ocrx_word' id='word_1_233' title='bbox 553 2536 646 2612; x_wconf 82' lang='lat' dir='ltr'><strong>quid?</strong></span> <span class='ocrx_word' id='word_1_234' title='bbox 678 2538 849 2597; x_wconf 90' lang='lat' dir='ltr'><strong>Philodami</strong></span> <span class='ocrx_word' id='word_1_235' title='bbox 881 2557 982 2596; x_wconf 87' lang='lat' dir='ltr'><strong>casum</strong></span> <span class='ocrx_word' id='word_1_236' title='bbox 1014 2536 1187 2598; x_wconf 77' lang='grc'>66666114</span> 
     </span>
     <span class='ocr_line' id='line_1_28' title="bbox 99 2628 1113 2702; baseline 0.001 -17"><span class='ocrx_word' id='word_1_237' title='bbox 99 2645 165 2686; x_wconf 90' lang='lat' dir='ltr'><strong>oum</strong></span> <span class='ocrx_word' id='word_1_238' title='bbox 202 2646 257 2702; x_wconf 88' lang='lat' dir='ltr'><strong>per</strong></span> <span class='ocrx_word' id='word_1_239' title='bbox 287 2629 384 2686; x_wconf 90' lang='lat' dir='ltr'><strong>totam</strong></span> <span class='ocrx_word' id='word_1_240' title='bbox 422 2628 636 2702; x_wconf 89' lang='lat' dir='ltr'><strong>expositionem</strong></span> <span class='ocrx_word' id='word_1_241' title='bbox 672 2628 806 2686; x_wconf 90' lang='lat' dir='ltr'><strong>incendit</strong></span> <span class='ocrx_word' id='word_1_242' title='bbox 837 2628 952 2686; x_wconf 88' lang='lat' dir='ltr'><strong>invidia</strong></span> <span class='ocrx_word' id='word_1_243' title='bbox 984 2632 1048 2686; x_wconf 90' lang='lat' dir='ltr'><strong>tum</strong></span> <span class='ocrx_word' id='word_1_244' title='bbox 1082 2630 1113 2686; x_wconf 90' lang='lat' dir='ltr'><strong>in</strong></span> 
     </span>
     <span class='ocr_line' id='line_1_29' title="bbox 98 2715 1113 2793; baseline 0 -18"><span class='ocrx_word' id='word_1_245' title='bbox 98 2715 246 2793; x_wconf 82' lang='lat' dir='ltr'><strong>supplicio</strong></span> <span class='ocrx_word' id='word_1_246' title='bbox 278 2717 344 2791; x_wconf 90' lang='lat' dir='ltr'><strong>ipso</strong></span> <span class='ocrx_word' id='word_1_247' title='bbox 377 2717 508 2776; x_wconf 87' lang='lat' dir='ltr'><strong>lacrimis</strong></span> <span class='ocrx_word' id='word_1_248' title='bbox 540 2718 680 2791; x_wconf 86' lang='lat' dir='ltr'><strong>inplevit,</strong></span> <span class='ocrx_word' id='word_1_249' title='bbox 729 2736 796 2776; x_wconf 91' lang='lat' dir='ltr'><strong>cum</strong></span> <span class='ocrx_word' id='word_1_250' title='bbox 827 2717 926 2777; x_wconf 87' lang='lat' dir='ltr'><strong>flentis</strong></span> <span class='ocrx_word' id='word_1_251' title='bbox 958 2737 1017 2775; x_wconf 91' lang='lat' dir='ltr'><strong>non</strong></span> <span class='ocrx_word' id='word_1_252' title='bbox 1050 2721 1113 2776; x_wconf 88' lang='lat' dir='ltr'><strong>tam</strong></span> 
     </span>
     <span class='ocr_line' id='line_1_30' title="bbox 97 2801 1114 2880; baseline 0.003 -18"><span class='ocrx_word' id='word_1_253' title='bbox 97 2807 234 2864; x_wconf 89' lang='lat' dir='ltr'><strong>narraret</strong></span> <span class='ocrx_word' id='word_1_254' title='bbox 257 2823 348 2878; x_wconf 89' lang='lat' dir='ltr'><strong>quam</strong></span> <span class='ocrx_word' id='word_1_255' title='bbox 371 2805 539 2864; x_wconf 89' lang='lat' dir='ltr'><strong>ostenderet</strong></span> <span class='ocrx_word' id='word_1_256' title='bbox 572 2801 700 2880; x_wconf 80' lang='lat' dir='ltr'><strong>‘patrem</strong></span> <span class='ocrx_word' id='word_1_257' title='bbox 732 2806 768 2864; x_wconf 91' lang='lat' dir='ltr'><strong>de</strong></span> <span class='ocrx_word' id='word_1_258' title='bbox 798 2810 893 2865; x_wconf 90' lang='lat' dir='ltr'><strong>morte</strong></span> <span class='ocrx_word' id='word_1_259' title='bbox 921 2805 989 2880; x_wconf 89' lang='lat' dir='ltr'><strong>filii,</strong></span> <span class='ocrx_word' id='word_1_260' title='bbox 1017 2806 1114 2865; x_wconf 89' lang='lat' dir='ltr'><strong>filium</strong></span> 
     </span>
    </p>

    <p class='ocr_par' dir='ltr' id='par_1_7' title="bbox 63 2889 1114 2972">
     <span class='ocr_line' id='line_1_31' title="bbox 63 2889 1114 2972; baseline 0.007 -25"><span class='ocrx_word' id='word_1_261' title='bbox 63 2908 86 2950; x_wconf 81' lang='lat' dir='ltr'><strong>ao</strong></span> <span class='ocrx_word' id='word_1_262' title='bbox 99 2894 131 2953; x_wconf 94' lang='lat' dir='ltr'><strong>de</strong></span> <span class='ocrx_word' id='word_1_263' title='bbox 154 2889 283 2970; x_wconf 68' lang='lat' dir='ltr'><strong>patrisi&#39;</strong></span> <span class='ocrx_word' id='word_1_264' title='bbox 310 2893 381 2970; x_wconf 88' lang='lat' dir='ltr'><strong>quid</strong></span> <span class='ocrx_word' id='word_1_265' title='bbox 404 2894 459 2952; x_wconf 90' lang='lat' dir='ltr'><strong>ulli</strong></span> <span class='ocrx_word' id='word_1_266' title='bbox 479 2895 590 2971; x_wconf 84' lang='lat' dir='ltr'><strong>epilogi</strong></span> <span class='ocrx_word' id='word_1_267' title='bbox 608 2899 733 2970; x_wconf 87' lang='lat' dir='ltr'><strong>possunt</strong></span> <span class='ocrx_word' id='word_1_268' title='bbox 751 2896 847 2972; x_wconf 83' lang='lat' dir='ltr'><strong>magis</strong></span> <span class='ocrx_word' id='word_1_269' title='bbox 865 2895 974 2954; x_wconf 91' lang='lat' dir='ltr'><strong>habere</strong></span> <span class='ocrx_word' id='word_1_270' title='bbox 992 2899 1114 2955; x_wconf 90' lang='lat' dir='ltr'><strong>misera-</strong></span> 
     </span>
    </p>
   </div>
   <div class='ocr_carea' id='block_1_3' title="bbox 99 3098 1113 3237">
    <p class='ocr_par' dir='ltr' id='par_1_8' title="bbox 99 3098 1113 3237">
     <span class='ocr_line' id='line_1_32' title="bbox 168 3098 1113 3168; baseline 0.003 -16"><span class='ocrx_word' id='word_1_271' title='bbox 168 3098 842 3165; x_wconf 72' lang='lat' dir='ltr'><strong>rib.1‚e-eib.2‚4-acr‚a-</strong></span> <span class='ocrx_word' id='word_1_272' title='bbox 874 3100 1113 3168; x_wconf 69' lang='grc'>66166666.</span> 
     </span>
     <span class='ocr_line' id='line_1_33' title="bbox 99 3170 453 3237; baseline -0.003 -13"><span class='ocrx_word' id='word_1_273' title='bbox 99 3170 354 3225; x_wconf 74' lang='grc'>166-66166.</span> <span class='ocrx_word' id='word_1_274' title='bbox 376 3176 399 3237; x_wconf 83' lang='lat' dir='ltr'><strong>r,</strong></span> <span class='ocrx_word' id='word_1_275' title='bbox 419 3176 453 3223; x_wconf 84' lang='grc' dir='ltr'><strong>6ο</strong></span> 
     </span>
    </p>
   </div>
   <div class='ocr_carea' id='block_1_4' title="bbox 99 3381 1113 3598">
    <p class='ocr_par' dir='ltr' id='par_1_9' title="bbox 99 3381 1113 3598">
     <span class='ocr_line' id='line_1_34' title="bbox 169 3381 1113 3455; baseline 0.004 -19"><span class='ocrx_word' id='word_1_276' title='bbox 169 3388 185 3436; x_wconf 82' lang='lat'><em>8</em></span> <span class='ocrx_word' id='word_1_277' title='bbox 205 3389 230 3438; x_wconf 86' lang='lat' dir='ltr'><strong>et</strong></span> <span class='ocrx_word' id='word_1_278' title='bbox 244 3389 260 3436; x_wconf 84' lang='lat'><strong>6</strong></span> <span class='ocrx_word' id='word_1_279' title='bbox 275 3399 338 3436; x_wconf 91' lang='lat' dir='ltr'><strong>cum</strong></span> <span class='ocrx_word' id='word_1_280' title='bbox 348 3383 376 3437; x_wconf 83' lang='lat' dir='ltr'><strong>C.</strong></span> <span class='ocrx_word' id='word_1_281' title='bbox 388 3382 518 3437; x_wconf 85' lang='lat' dir='ltr'><strong>Considio</strong></span> <span class='ocrx_word' id='word_1_282' title='bbox 535 3381 798 3453; x_wconf 79' lang='grc' dir='ltr'>Ρ66161016.6611β</span> <span class='ocrx_word' id='word_1_283' title='bbox 851 3388 920 3439; x_wconf 85' lang='grc'>6661</span> <span class='ocrx_word' id='word_1_284' title='bbox 934 3404 977 3440; x_wconf 84' lang='lat' dir='ltr'><strong>om</strong></span> <span class='ocrx_word' id='word_1_285' title='bbox 993 3387 1113 3455; x_wconf 69' lang='grc'>1116426</span> 
     </span>
     <span class='ocr_line' id='line_1_35' title="bbox 99 3452 1113 3527; baseline 0.002 -17"><span class='ocrx_word' id='word_1_286' title='bbox 99 3456 102 3527; x_wconf 81' lang='grc' dir='ltr'>Ι</span> <span class='ocrx_word' id='word_1_287' title='bbox 119 3458 149 3510; x_wconf 88' lang='grc'><strong>61</strong></span> <span class='ocrx_word' id='word_1_288' title='bbox 163 3472 206 3510; x_wconf 87' lang='lat' dir='ltr'><strong>om</strong></span> <span class='ocrx_word' id='word_1_289' title='bbox 220 3464 275 3508; x_wconf 97' lang='lat' dir='ltr'><strong>BP</strong></span> <span class='ocrx_word' id='word_1_290' title='bbox 346 3461 359 3508; x_wconf 82' lang='grc'><strong>7</strong></span> <span class='ocrx_word' id='word_1_291' title='bbox 380 3454 489 3507; x_wconf 91' lang='lat' dir='ltr'><strong>nullum</strong></span> <span class='ocrx_word' id='word_1_292' title='bbox 503 3471 546 3508; x_wconf 79' lang='lat' dir='ltr'><strong>ora</strong></span> <span class='ocrx_word' id='word_1_293' title='bbox 559 3462 611 3507; x_wconf 75' lang='lat' dir='ltr'><strong>AB</strong></span> <span class='ocrx_word' id='word_1_294' title='bbox 628 3453 663 3506; x_wconf 88' lang='lat' dir='ltr'><strong>Vt</strong></span> <span class='ocrx_word' id='word_1_295' title='bbox 677 3455 709 3522; x_wconf 81' lang='lat' dir='ltr'><strong>cf</strong></span> <span class='ocrx_word' id='word_1_296' title='bbox 717 3452 756 3506; x_wconf 90' lang='lat' dir='ltr'><strong>IV</strong></span> <span class='ocrx_word' id='word_1_297' title='bbox 770 3461 838 3520; x_wconf 81' lang='lat'><strong>2,51</strong></span> <span class='ocrx_word' id='word_1_298' title='bbox 914 3462 946 3510; x_wconf 91' lang='lat'><strong>11</strong></span> <span class='ocrx_word' id='word_1_299' title='bbox 963 3457 1077 3511; x_wconf 88' lang='lat' dir='ltr'><strong>adfectu</strong></span> <span class='ocrx_word' id='word_1_300' title='bbox 1091 3469 1113 3511; x_wconf 81' lang='grc' dir='ltr'><strong><em>Δ</em></strong></span> 
     </span>
     <span class='ocr_line' id='line_1_36' title="bbox 102 3525 1056 3598; baseline -0.005 -13"><span class='ocrx_word' id='word_1_301' title='bbox 102 3529 148 3585; x_wconf 85' lang='lat' dir='ltr'><strong>Vt:</strong></span> <span class='ocrx_word' id='word_1_302' title='bbox 168 3525 297 3580; x_wconf 83' lang='lat' dir='ltr'><strong>adfectus</strong></span> <span class='ocrx_word' id='word_1_303' title='bbox 315 3535 370 3579; x_wconf 97' lang='lat' dir='ltr'><strong>BP</strong></span> <span class='ocrx_word' id='word_1_304' title='bbox 441 3531 474 3579; x_wconf 76' lang='lat'><strong>15</strong></span> <span class='ocrx_word' id='word_1_305' title='bbox 492 3525 599 3581; x_wconf 89' lang='lat' dir='ltr'><strong>moveri</strong></span> <span class='ocrx_word' id='word_1_306' title='bbox 616 3534 670 3580; x_wconf 88' lang='lat' dir='ltr'><strong>BP</strong></span> <span class='ocrx_word' id='word_1_307' title='bbox 741 3530 776 3581; x_wconf 75' lang='grc'><strong>11</strong></span> <span class='ocrx_word' id='word_1_308' title='bbox 794 3543 910 3582; x_wconf 81' lang='lat' dir='ltr'><strong>summa</strong></span> <span class='ocrx_word' id='word_1_309' title='bbox 921 3530 1011 3598; x_wconf 66' lang='lat' dir='ltr'><strong>parte</strong></span> <span class='ocrx_word' id='word_1_310' title='bbox 1031 3539 1056 3580; x_wconf 72' lang='grc'><strong>6</strong></span> 
     </span>
    </p>
   </div>
   <div class='ocr_carea' id='block_1_5' title="bbox 0 0 1234 3854">
    <p class='ocr_par' dir='ltr' id='par_1_10' title="bbox 0 0 1234 3854">
     <span class='ocr_line' id='line_1_37' title="bbox 0 0 1234 3854; baseline 0 0"><span class='ocrx_word' id='word_1_311' title='bbox 0 0 1234 3854; x_wconf 95' lang='lat' dir='ltr'><strong> </strong></span> 
     </span>
    </p>
   </div>
  </div>
 </body>
</html>
