2460 3854
468 125 489 179 Ι.
519 131 543 192 1,
562 131 658 179 6-16.
1029 125 1072 188 49

55 298 115 354 est:
138 297 175 353 ut
197 314 216 354 a
237 295 356 353 Latinis
379 294 528 353 veteribus
551 294 571 351 d
593 295 733 370 plurimis
756 296 788 352 in
811 294 909 354 verbis
935 294 1074 353 ultimam
1089 296 1126 351 12

55 385 215 458 adiectam,
239 383 319 459 quod
340 384 532 442 manifestum
556 386 602 442 est
616 385 707 443 etiam
726 403 761 441 ex
779 384 916 443 columna
934 386 1074 458 rostrata,

55 492 133 550 quae
162 476 208 532 est
229 473 332 531 Duilio
359 474 392 530 in
418 473 484 531 foro
511 474 620 548 posita,
647 473 767 531 interim
790 494 810 550 g
832 491 958 548 quoque,
986 475 1020 530 ut
1042 472 1074 530 in

55 563 209 639 pulvinari
224 560 309 637 Solis,
329 561 381 638 qui
400 561 509 620 colitur
526 564 611 620 iuxta
629 562 731 621 aedem
751 561 876 636 Quirini,
896 557 1075 640 ‘vesperug',

32 651 136 728 squod
161 646 409 728 ‘vesperuginem'
434 651 604 727 accipimus.
632 650 667 709 de
690 651 857 710 mutatione
880 653 971 710 etiam
993 651 1073 710 litte·
1089 654 1127 710 16

55 760 167 815 rarum,
196 741 232 798 de
256 759 315 815 qua
338 758 428 816 supra
452 740 522 814 dixi,
549 739 625 798 nihil
649 742 781 815 repetere
804 741 854 798 hic
876 759 992 798 necesse
1016 743 1074 798 est:

55 831 184 888 fortasse
213 831 292 887 enim
318 831 397 889 sicut
419 829 596 903 scribebant,
626 831 718 887 etiam
739 829 945 903 loquebantur.
986 829 1128 888 66611-14

55 921 170 978 vocalis
194 919 345 996 geminare
369 918 421 975 diu
442 937 503 976 nou
525 918 585 976 fuit
606 918 798 978 usitatissimi
820 921 921 991 moris,
945 920 1035 993 atque
1059 937 1075 977 6

56 1007 208 1067 contrario
239 1026 332 1083 usque
365 1007 403 1065 ad
430 1006 555 1066 Accium
586 1010 616 1065 et
646 1007 728 1065 ultra
759 1009 911 1083 porrectas
943 1007 1074 1084 syllabas

24 1117 45 1156 16
55 1098 193 1176 geminis,
217 1099 251 1154 ut
273 1096 344 1169 dixi,
366 1095 519 1154 vocalibus
543 1098 734 1172 scripserimt.
758 1096 870 1155 diutius
888 1096 1016 1170 duravit,
1039 1098 1074 1154 ut
1090 1099 1127 1155 16

58 1206 73 1245 6
96 1189 127 1245 61
150 1187 164 1243 1
189 1184 348 1263 iungendis
377 1186 480 1243 eadem
506 1187 623 1245 ratione
650 1204 710 1261 qua
733 1184 839 1244 Graeci
861 1206 887 1243 ει
908 1187 1075 1243 uterentur:

56 1295 91 1334 ea
115 1274 234 1334 casibus
257 1273 447 1349 numerisque
471 1274 598 1334 discreta
621 1277 675 1349 est,
702 1278 736 1332 ut
758 1273 893 1333 Lucilius
915 1275 1075 1349 praecipit:
1121 1330 1123 1334 a

102 1360 177 1422 ‘iam
208 1357 321 1438 ‘puerei
347 1359 465 1422 venere'
499 1383 514 1422 6
546 1366 729 1440 postremum
761 1365 852 1423 facito
881 1365 971 1439 atque
997 1363 1036 1441 i,

100 1455 137 1512 ut
160 1452 247 1527 pueri
268 1453 368 1528 plures
390 1447 476 1510 fiant'

23 1561 41 1600 u
54 1561 90 1600 66
115 1542 255 1616 deinceps
278 1541 370 1599 idem:

101 1626 252 1689 ‘mendaci
274 1630 392 1706 furique
416 1629 506 1690 addes
530 1648 554 1704 6,
578 1649 645 1689 6616
667 1631 738 1689 dare
761 1630 821 1688 1611

98 1715 244 1778 16666116.’

53 1809 137 1885 quod
168 1808 287 1883 quidem
316 1828 383 1867 cum
413 1827 628 1884 supervacuum
659 1811 711 1884 est,
744 1808 816 1884 quia
842 1809 854 1865 i
880 1811 944 1867 tam
966 1809 1073 1885 longae
1091 1811 1128 1865 16

53 1918 148 1975 quam
171 1897 270 1956 brevis
293 1900 432 1956 naturam
454 1898 552 1973 habet,
575 1901 641 1956 tum
662 1897 882 1956 incommodum
901 1898 1076 1972 aliquand03

14 2004 40 2047 16
53 2007 128 2046 6661
152 1989 253 2060 iniis,
281 2005 356 2061 quae
383 1987 550 2062 proximam
578 1987 615 2046 ab
643 1988 751 2045 ultima
778 1987 910 2045 litteram
927 2007 953 2043 6
985 1986 1074 2044 habe·

52 2077 133 2135 bunt
157 2079 188 2133 et
210 2076 221 2132 i
243 2076 334 2153 longa
356 2075 605 2151 terminabuntur,
633 2076 718 2134 illam
744 2075 892 2133 rationem
919 2078 1074 2149 sequentes

52 2168 177 2224 utemur
191 2183 207 2222 e
221 2167 348 2241 gemina,
373 2165 477 2240 qualia
491 2169 560 2224 sunt
573 2166 647 2224 haec
666 2161 778 2223 ‘aureei
797 2159 958 2240 argenteei’
980 2167 1010 2221 61
1027 2164 1074 2222 1116

54 2255 183 2315 similia:
205 2253 295 2328 idque
318 2254 355 2312 iis
373 2254 541 2330 praecipue,
565 2257 619 2329 qui
636 2253 675 2311 ad
693 2253 849 2312 lectionem
868 2253 1072 2326 instituentur,
1090 2256 1125 2311 11

54 2344 151 2404 etiam
173 2343 374 2416 inpedimento
397 2344 462 2416 erit,
486 2345 565 2402 siout
583 2345 615 2401 in
634 2341 754 2402 Graecis
774 2342 883 2401 accidit
910 2341 1074 2400 adiectione

12 2435 66 2494 661
90 2433 222 2506 11116166,
246 2451 336 2506 quam
354 2451 414 2490 non
433 2433 529 2491 solum
547 2433 657 2492 dativis
677 2432 793 2490 casibus
812 2432 843 2488 in
862 2435 947 2506 66116
965 2431 1075 2489 ultima

55 2520 240 2595 adscribunt,
251 2521 302 2579 sed
309 2521 486 2596 quibusdam
497 2523 588 2580 etiam
597 2522 793 2596 interponunt
802 2523 836 2578 ut
843 2520 873 2578 in
879 2518 1074 2594 ΛΗΙΣΤΗΙ,

56 2612 130 2686 quia
159 2611 342 2687 etymologia
369 2630 404 2668 ex
431 2610 576 2669 divisione
603 2613 635 2668 in
662 2611 717 2668 tris
741 2609 871 2686 syllabas
895 2611 975 2668 iacta
999 2609 1074 2668 desi-

56 2701 143 2758 deret
165 2717 232 2757 eam
253 2699 394 2757 litteram.
427 2719 462 2758 ae
486 2700 642 2775 syllabam,
665 2701 748 2758 cuius
772 2699 930 2758 secundam
954 2717 1033 2756 nunc
1057 2701 1126 2757 618

54 2789 192 2847 litteram
223 2790 370 2863 ponimus,
402 2790 485 2847 varie
517 2809 570 2865 per
602 2809 620 2847 a
649 2793 679 2847 et
709 2790 719 2845 i
752 2788 920 2861 efferebant,
953 2787 1074 2862 quidam

131 2980 165 3029 16
185 2991 237 3042 sqq
255 2974 343 3028 Lucil.
362 2975 401 3027 IX
420 2993 436 3027 v
455 2981 507 3028 364
526 2993 559 3044 sq
578 2975 657 3028 Marx
676 3008 710 3014 —
731 2981 763 3028 16
784 2993 800 3027 v
819 2980 869 3028 361

133 3159 146 3207 1
171 3155 204 3207 61
223 3170 239 3206 6
257 3163 293 3206 A:
312 3156 345 3206 ut
362 3162 417 3207 ΒΡ
440 3155 443 3222 Ι
470 3154 612 3206 adiectum
639 3153 770 3207 ultimam
795 3163 817 3204 Α
842 3152 984 3206 adiectum
1006 3152 1072 3205 ulti-

56 3243 136 3279 mum
153 3225 191 3277 ‚4²
209 3227 241 3293 cs
256 3231 280 3290 1,
300 3231 325 3290 4,
347 3231 379 3278 16
489 3230 503 3276 6
524 3225 618 3278 Duilio
641 3227 741 3279 Halm:
767 3224 856 3277 dullio
880 3233 909 3277 B
933 3222 1021 3276 diulio
1048 3233 1075 3276 P

57 3296 128 3351 iulio
142 3306 165 3347 Α
221 3301 493 3366 lvesprugBomA
549 3303 729 3365 6666661661
749 3297 864 3349 Vollmer
902 3295 1071 3348 11661116

58 3369 177 3424 61ΒΡ
249 3373 281 3420 16
299 3368 396 3436 puerei
415 3377 452 3421 1’:
471 3384 556 3436 puero
575 3378 598 3419 Α
630 3367 710 3436 66611
730 3376 756 3418 Β
828 3372 861 3420 14
880 3367 976 3434 puerei
994 3375 1022 3418 P

59 3446 93 3492 20
112 3439 142 3492 in
161 3438 206 3492 his
225 3448 277 3490 ΑΒ
330 3445 363 3492 22
383 3455 398 3492 e
417 3457 460 3493 om
478 3449 501 3490 A
518 3441 521 3508 Ι
538 3439 616 3492 66161
640 3439 766 3508 argentei
786 3439 819 3491 ll:
837 3454 898 3491 corr
916 3437 968 3490 cdd
985 3437 1068 3504 octtt

58 3511 102 3564 hia
122 3528 166 3565 cm
178 3519 234 3563 ΒΡ
303 3515 337 3563 26
354 3507 478 3580 ληίστηις
493 3511 554 3582 (sic)
572 3520 600 3565 P
616 3510 719 3586 λῃστής
738 3513 764 3568 61
785 3511 877 3568 Halm

101 3606 550 3654 omnm-amodiiadormaoher.
573 3615 594 3659 L
925 3605 947 3654 4

549 3782 678 3808 Α
