2438 3832
115 123 182 187 230
414 122 642 188 QVINTILIANI
660 121 752 177 INST.
772 122 828 177 ΟΒ.

79 294 98 348 9
117 291 228 366 demus,
251 311 443 368 supervacua.
466 294 502 350 ut
524 293 550 352 si
571 294 616 351 ita
639 293 818 368 partiamur:
843 287 952 349 ‘dicam
966 309 1027 348 non
1041 291 1136 349 talem

115 398 178 439 esse
207 381 286 448 hunc
313 399 403 456 quem
434 385 520 440 tueor
551 400 644 455 reum,
675 384 710 439 ut
741 383 774 440 in
806 393 840 439 eo
873 379 1012 438 credibile
1036 379 1136 438 videri

115 469 211 544 possit
224 469 426 543 homicidium,
450 469 548 530 dicam
562 470 715 530 occidendi
729 488 848 528 causam
864 470 934 527 huic
954 487 1014 526 non
1029 468 1135 542 fuisse,

116 557 214 616 dicam
237 559 314 616 huno
338 577 373 616 eo
396 562 537 635 tempore,
561 579 619 635 quo
643 560 732 618 homo
747 558 859 618 occisus
875 561 933 631 est,
952 559 1035 616 trans
1050 576 1135 616 mare

115 643 231 706 fuisse’:
256 650 365 722 omnia,
388 666 464 723 quae
484 652 553 707 ante
566 648 606 720 id,
631 648 710 724 quod
725 649 865 706 ultimum
880 649 934 721 est,
953 648 1134 720 exsequeris,
1162 665 1174 706 s

63 738 102 794 1o
115 738 218 794 inania
240 736 336 795 videri
359 754 477 796 necesse
501 740 553 796 est.
577 737 702 796 festinat
725 739 804 795 enim
826 735 914 794 iudex
934 734 1026 808 adid,
1052 735 1135 810 quod

115 826 357 900 potentissimum
380 828 432 901 est,
457 828 486 884 et
508 828 592 885 velut
615 818 782 904 obligatum
796 825 942 900 promisso
960 827 1135 898 patronum,

116 913 141 971 si
165 916 210 974 est
232 915 403 990 patientior,
425 917 536 974 tacitus
555 915 702 990 appellat:
725 914 750 974 si
773 914 821 973 vel
845 915 1005 988 occupatus
1029 914 1080 971 vel
1102 913 1136 970 in

120 1003 222 1077 aliqua
245 1006 393 1079 potestate
416 1004 465 1062 vel
496 1006 586 1062 etiam
610 1005 651 1063 sio
681 1003 813 1062 moribus
844 1003 1033 1077 compositus,
1066 1020 1135 1060 cum

64 1099 100 1154 11
119 1092 251 1151 convicio
284 1093 440 1170 efflagitat.
480 1095 582 1168 itaque
614 1111 673 1150 non
706 1093 864 1151 defuerunt
896 1090 948 1167 qui
981 1089 1134 1149 Ciceronis
1150 1111 1175 1151 ro

115 1181 202 1239 illam
229 1201 283 1256 pro
308 1179 445 1240 Cluentio
472 1183 668 1256 partitionem
691 1181 896 1257 inprobarent,
925 1199 984 1254 qua
1013 1197 1044 1237 se
1073 1179 1135 1237 dic-

116 1272 218 1328 turum
255 1287 317 1329 esse
349 1271 501 1345 promisit,
535 1267 676 1346 ‘primum
703 1269 852 1328 neminem
879 1268 1043 1327 maioribus
1077 1269 1135 1326 cri-

116 1357 255 1430 minibus,
282 1359 469 1436 gravioribus
493 1359 618 1419 testibus
646 1360 677 1417 in
700 1359 845 1417 iudicium
871 1360 1013 1416 vocatum
1042 1377 1134 1432 quam

117 1445 333 1523 Oppianicum:
366 1447 471 1507 deinde
501 1448 685 1523 praeiudicia
715 1467 777 1507 esse
809 1448 890 1506 facta
921 1446 957 1505 ab
988 1447 1025 1505 iis
1059 1446 1134 1520 ipsis

116 1535 273 1610 iudicibus
303 1557 319 1594 a
348 1537 455 1613 quibus
484 1537 695 1596 condemnatus
724 1538 777 1595 sit:
808 1539 958 1612 postremo
986 1534 1133 1593 iudicium
1150 1553 1174 1594 rs

116 1624 243 1699 pecunia
272 1628 452 1700 temptatum
481 1645 542 1684 non
570 1645 588 1684 a
619 1625 770 1700 Cluentio,
807 1624 857 1684 sed
888 1627 991 1684 contra
1025 1621 1134 1682 Cluen-

117 1707 219 1771 tium':
244 1713 329 1788 quia,
357 1716 383 1772 si
409 1715 531 1789 probari
557 1717 673 1789 posset,
706 1714 785 1789 quod
814 1717 858 1772 est
885 1715 1022 1786 tertium,
1055 1713 1134 1770 nihil

64 1806 102 1861 12
117 1820 234 1860 necesse
264 1803 355 1860 fuerit
384 1802 480 1861 dicore
510 1806 619 1878 priora.
649 1821 751 1862 rursus
781 1822 867 1861 nemo
896 1805 960 1860 tam
990 1803 1049 1859 erit
1079 1805 1135 1860 aut

117 1892 248 1950 iniustus
273 1895 325 1950 aut
352 1892 470 1966 stultus,
499 1892 571 1968 quin
599 1912 668 1951 eum
690 1893 822 1950 fateatur
849 1893 960 1966 optime
987 1910 1042 1965 pro
1067 1891 1133 1947 Mu-

116 1999 188 2038 rena
218 1999 280 2040 esse
304 1981 464 2056 partitum:
495 1977 658 2058 intellego,
687 1980 811 2056 iudices,
840 1982 895 2038 tris
923 1981 1016 2038 totius
1045 1997 1133 2038 accu·
1149 2001 1175 2039 ao

117 2071 242 2128 sationis
273 2072 369 2144 partis
399 2071 500 2143 fuisse,
530 2072 560 2127 et
590 2089 691 2128 earum
723 2090 814 2128 unam
843 2072 875 2127 in
902 2068 1133 2144 reprehensione

116 2158 211 2232 vitae,
253 2159 380 2218 alteram
419 2161 452 2216 in
498 2160 686 2218 contentione
724 2158 892 2236 dignitatis,
934 2159 1057 2216 tertiam
1101 2158 1133 2214 in

117 2247 289 2306 criminibus
320 2247 448 2307 ambitus
477 2266 539 2307 esse
570 2242 740 2306 versatam’.
771 2267 840 2305 nam
868 2249 910 2305 sic
939 2249 968 2304 et
1001 2246 1134 2304 ostendit

117 2336 299 2397 lucidissime
323 2355 443 2396 causam
466 2340 496 2395 et
519 2337 594 2394 nihil
617 2337 689 2396 feeit
711 2336 806 2395 altero
829 2353 1054 2412 supervacuum.

65 2428 102 2483 1a
184 2425 229 2484 De
252 2426 305 2484 illo
330 2445 446 2501 quoque
476 2444 582 2502 genere
615 2424 793 2484 defensionis
823 2426 957 2500 plerique
990 2423 1134 2482 dubitant
1148 2444 1174 2483 25

119 2508 155 2570 ‘si
179 2515 282 2589 occidi,
304 2520 383 2573 recte
406 2515 472 2589 feci,
496 2514 629 2574 sednon
653 2509 773 2573 occidi':
798 2533 855 2588 quo
879 2513 959 2571 enim
981 2514 1133 2587 pertinere

117 2602 210 2678 prius,
238 2606 264 2661 si
291 2623 416 2679 sequens
443 2603 562 2661 firmum
595 2600 653 2661 sit?
686 2604 758 2661 haec
790 2603 918 2661 invicem
950 2602 1069 2660 obstare
1102 2607 1134 2659 et

117 2693 243 2766 utroque
266 2694 419 2752 utentibus
442 2693 473 2750 in
500 2697 605 2750 neutro
629 2691 733 2750 haberi
764 2690 859 2749 fidem.
893 2691 973 2767 quod
1001 2709 1072 2750 sane
1100 2693 1145 2748 in*

117 2783 202 2854 parte
225 2800 328 2840 verum
351 2784 403 2859 est,
433 2785 467 2840 ut
493 2783 546 2841 illo
579 2781 726 2857 sequenti,
760 2783 786 2840 si
816 2779 904 2839 modo
932 2779 1133 2838 indubitabile

191 3009 570 3072 1204‚9-2005,11

116 3135 330 3144 ...----ι

190 3226 204 3272 1
224 3218 266 3272 ita
285 3219 402 3289 Repc'us:
421 3217 472 3270 illa
490 3227 547 3285 AB,
567 3236 609 3272 om
628 3229 655 3272 Ρ
725 3225 740 3271 ‘a
760 3235 838 3271 reum
852 3233 895 3270 om
909 3225 963 3269 ΒΡ
977 3219 981 3285 l
997 3216 1028 3269 in
1042 3233 1075 3270 eo
1091 3233 1133 3270 om

117 3300 145 3344 Β
162 3308 195 3345 eo
213 3308 256 3345 om
276 3300 303 3343 Ρ
373 3295 388 3342 5
409 3291 561 3356 antequam
579 3290 609 3342 id
627 3299 682 3343 ΒΡ
757 3295 772 3342 8
791 3288 838 3342 vel
856 3288 897 3358 in]
917 3287 962 3340 vel
979 3288 1044 3340 AP1

118 3364 205 3434 9sic]
232 3362 256 3417 si
273 3360 336 3414 Μ’
357 3363 360 3431 l
381 3360 583 3429 incompositus
606 3371 658 3414 ΑΡ
756 3365 790 3414 14
812 3359 847 3412 iis
871 3376 914 3413 om
936 3368 959 3410 Α
985 3358 1040 3414 Oto.
1064 3361 1134 3414 codd

190 3439 223 3488 16
243 3450 261 3487 a
283 3432 359 3486 81²¹:
383 3448 434 3502 pro
454 3440 484 3498 A,
510 3433 590 3486 Valla
615 3433 646 3485 ia
665 3442 692 3485 Ρ
763 3436 796 3484 18
816 3432 866 3484 aut
889 3446 931 3484 cm
950 3439 973 3481 Α
1048 3433 1134 3484 aeut

113 3507 212 3565 Valla
230 3508 261 3563 et
