2460 3854
394 132 428 188 11
448 139 473 201 a,
492 139 589 188 4-15.
609 139 634 202 a,
654 139 732 188 1-2.
1034 133 1076 198 75

49 304 151 361 etiam
176 303 336 360 excurrrmt
359 305 389 361 et
412 322 479 362 cum
502 303 642 361 indecora
664 302 861 361 exsultatione
880 302 1075 361 conclamant.

48 392 83 449 id
109 393 254 448 mutuum
277 395 322 450 est
345 393 376 449 et
397 391 441 450 ibi
465 391 691 451 declamationis
723 393 853 451 fortuna.
885 392 954 449 hinc
977 395 1077 450 tumor

51 483 84 539 et
110 499 194 538 vanc
217 480 253 537 de
277 499 308 538 se
336 482 489 555 persuasio
516 499 611 556 usque
639 480 722 554 adeo,
748 483 785 539 ut
810 480 864 539 illo
892 480 1077 555 condiscipu-

51 571 159 628 lorum
182 569 316 627 tumultu
338 569 444 644 inflati,
467 571 493 629 si
516 589 622 645 parum
646 588 664 627 a
687 573 879 645 praeceptore
907 569 1077 643 laudentur,

51 659 118 735 ipsi
149 658 186 716 de
216 658 269 718 illo
302 659 380 717 male
411 660 549 717 sentiant.
583 657 635 716 sed
666 677 697 716 se
722 678 842 735 quoque
869 663 1076 734 praeceptores
1092 666 1129 720 13

53 750 175 806 intente
198 766 234 805 ac
256 747 388 806 modeste
412 747 510 805 audiri
532 748 639 806 velint:
662 767 723 806 non
746 747 827 806 euim·
848 747 958 806 indicio
989 748 1076 806 disci-

54 837 201 913 pulorum
225 836 323 895 dicere
345 836 433 895 debet
461 839 619 914 magister,
652 836 704 895 sed
735 838 900 912 discipulus
930 837 1076 914 magistri.

57 927 142 1000 quin,
167 927 195 984 si
216 924 281 983 fieri
308 928 421 1000 potest,
447 926 645 984 intendendus
673 927 789 984 animus
816 927 849 984 in
871 926 927 984 hoc
951 944 1077 1000 quoque,

56 1018 92 1073 ut
115 1014 282 1090 perspiciat
304 1033 381 1089 quae
405 1016 529 1090 quisque
552 1017 583 1074 et
597 1034 656 1090 quo
671 1015 758 1074 modo
772 1015 884 1089 laudet,
908 1017 938 1073 et
951 1016 1077 1090 placere,

58 1123 138 1180 quae
162 1102 236 1162 bene
260 1104 346 1176 dicet,
369 1123 430 1162 non
453 1122 508 1162 suo
531 1107 627 1180 magis
651 1123 741 1180 quam
765 1123 868 1162 eorum
891 1105 1010 1163 nomine
1029 1103 1078 1160 de-

57 1195 196 1267 lectetur,
222 1195 275 1268 qui
296 1196 376 1252 recte
398 1192 581 1251 iudicabunt.

125 1281 238 1340 Pueros
279 1282 519 1340 adulescentibus
555 1282 716 1357 permixtos
749 1282 849 1340 sedere
887 1301 947 1340 non
978 1281 1078 1356 placet
1094 1287 1131 1342 14

57 1372 142 1429 mihi.
167 1388 238 1429 nam
261 1371 379 1429 etiamsi
401 1373 448 1430 vir
475 1371 559 1444 talis,
587 1371 707 1446 qualem
735 1389 798 1430 esse
826 1375 944 1446 oportet
971 1368 1078 1429 studiis

58 1460 253 1534 moribusque
275 1462 489 1536 praepositum,
518 1460 683 1518 modestam
715 1459 823 1518 habere
856 1462 957 1534 potest
987 1461 1079 1517 etiam

58 1551 256 1622 iuventutem,
278 1551 379 1607 tamen
401 1550 450 1607 vel
472 1549 630 1608 infirmitas
649 1550 898 1608 arobustioribus
913 1548 1079 1624 separanda

59 1641 106 1697 est
129 1641 162 1696 et
184 1637 344 1697 carendum
371 1658 431 1697 nou
459 1639 557 1696 solum
587 1639 710 1696 crimine
737 1639 946 1714 turpitudinis,
973 1656 1078 1696 verum

60 1729 154 1787 etiam
177 1728 352 1802 suspicione.
383 1727 457 1786 haec
484 1727 616 1787 notanda
643 1727 773 1785 breviter
802 1728 979 1786 existimavi.
1008 1745 1078 1784 nam
1094 1735 1131 1789 15

59 1820 94 1875 ut
117 1816 199 1875 absit
221 1815 259 1874 ab
282 1816 396 1875 ultimis
410 1817 494 1874 vitiis
507 1817 572 1892 ipse
592 1834 626 1874 ac
645 1816 755 1889 schola,
781 1836 818 1875 ne
836 1816 1078 1892 praecipiendum

60 1905 182 1981 quidem
206 1905 300 1964 credo.
325 1924 359 1962 ac
382 1907 409 1964 si
432 1907 485 1980 qui
508 1909 561 1979 est,
585 1907 638 1980 qui
660 1905 776 1982 flagitia
797 1905 956 1964 manifesta
979 1906 1011 1963 in
1026 1905 1078 1962 eli-

59 1996 158 2073 gendo
181 1993 238 2052 filii
265 1996 456 2070 praeceptore
484 2013 544 2052 non
571 1996 657 2070 vitet,
683 1996 745 2052 iam
772 1994 842 2052 hinc
869 1996 953 2067 sciat,
981 1996 1079 2051 cetera

60 2103 190 2159 quoque,
214 2102 291 2158 quae
315 2083 354 2140 ad
376 2083 540 2141 utilitatem
558 2084 724 2142 iuventutis
738 2101 903 2158 conponere
928 2102 1078 2156 conamur,

60 2192 124 2233 esse
149 2173 209 2232 sibi
230 2173 286 2230 hac
309 2175 397 2247 parte
420 2173 530 2231 omissa
553 2190 776 2262 supervacua,

60 2324 125 2396 [AN
151 2322 333 2378 PROTINUS
356 2323 618 2378 PRAECEPTORE
639 2323 775 2378 OPTIMO
796 2323 850 2378 SIT
876 2322 1078 2394 UTENDUM]

128 2457 184 2516 IH.
207 2457 253 2515 Ne
276 2458 398 2516 illorum
422 2458 543 2532 quidem
566 2459 720 2533 persuasio
750 2459 869 2517 silentio
897 2457 1079 2518 transeunda
1112 2465 1129 2519 1

61 2549 114 2622 est,
140 2547 202 2622 qui,
225 2546 317 2604 etiam
341 2565 408 2614 cum
421 2547 542 2606 idoneos
560 2547 673 2606 rhetori
686 2567 795 2623 pueros
809 2549 1000 2622 putaverunt,
1019 2567 1077 2606 non

60 2640 164 2694 tamen
188 2637 330 2695 contiuuo
349 2636 508 2696 tradendos
528 2639 761 2696 eminentissimo
776 2637 909 2710 credunt,
933 2635 984 2695 sed
1001 2636 1080 2710 apud

61 2727 191 2784 minores
216 2725 403 2800 aliquamdiu
421 2725 563 2801 detinent,
586 2729 742 2802 tamquam
758 2725 950 2784 instituendis
964 2725 1079 2783 artibus

61 2815 158 2892 magis
182 2813 222 2873 sit
246 2816 317 2888 apta
331 2814 519 2874 rnediocritas
538 2817 739 2891 praeceptoris
755 2835 821 2873 cum
840 2815 878 2873 ad
892 2814 1080 2873 intellectum

63 2907 152 2979 atque
181 2903 381 2962 imitationem
409 2905 535 2977 facilior,
563 2905 628 2961 tum
656 2903 694 2960 ad
721 2904 925 2980 suscipiendas
954 2904 1079 2961 elemen-

60 2995 163 3052 torum
185 2992 338 3052 molestias
361 2992 460 3052 minus
484 2992 618 3067 superba.
643 2994 756 3066 quain
779 3012 811 3051 re
834 2993 910 3050 milri
927 3011 986 3049 non
1002 2991 1079 3049 arbi-
1114 2999 1131 3053 2

61 3086 126 3141 tror
159 3081 211 3139 diu
248 3082 456 3154 laborandum,
494 3084 528 3138 ut
560 3080 726 3152 ostendam,
760 3083 871 3155 quanto
904 3082 943 3140 sit
973 3080 1079 3140 melius

63 3173 185 3246 optimis
208 3171 310 3246 imbui,
335 3175 450 3246 quanta
474 3172 505 3226 iu
534 3168 666 3227 eluendis
695 3189 771 3243 quae
799 3171 890 3229 semel
917 3169 1080 3228 insederint

62 3261 145 3319 vitiis
170 3259 331 3318 difficultas
355 3261 563 3333 consequatur,
587 3277 653 3315 cum
677 3258 861 3332 geminatum
884 3277 957 3318 onus
982 3276 1080 3316 succe-

136 3454 150 3501 7
172 3447 306 3515 discipuli
318 3457 371 3499 BP
444 3451 476 3499 18
496 3444 557 3512 ipse
571 3445 737 3512 praeceptor
755 3461 788 3498 ac
809 3455 851 3498 Po
920 3451 953 3498 19
973 3444 996 3498 si
1017 3445 1080 3513 quis

65 3522 108 3584 ΡΙ
125 3519 154 3571 in
175 3518 325 3587 deligendo
344 3528 372 3570 P
460 3522 493 3569 29
513 3517 599 3585 atquo
619 3515 658 3570 ad
674 3513 872 3574 imitationem
889 3527 914 3570 Δ
