2460 3854
497 149 518 202 1.
547 154 572 215 a,
592 153 707 204 er-ee.
1070 149 1112 213 37

94 317 219 377 Graecis
238 319 352 376 utimur
369 317 477 392 verbis,
500 318 552 376 ubi
570 321 673 376 nostra
692 318 807 392 desunt,
831 319 908 377 sieut
926 319 974 377 illi
992 337 1010 376 a
1028 319 1113 378 nobis

93 426 323 483 nonnumquam
349 409 533 465 mutuantur.
574 406 644 465 inde
671 407 725 464 illa
749 409 884 483 quaestio
908 409 1048 482 exoritur,
1075 427 1114 467 an

94 497 201 555 eadem
230 499 347 555 ratione
379 516 433 573 per
465 515 550 556 casus
582 495 650 555 duei
679 498 800 555 externa
829 517 888 573 qua
916 500 1018 556 nostra
1046 515 1113 555 eon·

93 587 206 644 veniat.
248 604 284 646 ao
313 588 340 644 si
366 587 496 661 reperias
523 587 752 662 grammaticum
780 588 914 644 veterum
941 589 1113 661 amatorem,
1128 595 1167 658 59

68 678 186 753 5neget
210 674 373 750 quidquam
397 694 432 733 ex
455 674 565 732 Latina
587 677 703 733 ratione
726 675 911 748 mutandum,
939 677 1019 751 quia,
1047 694 1114 733 eum
1159 730 1161 735 s

95 767 136 823 sit
156 763 237 839 apud
254 782 308 822 nos
329 783 413 822 oasus
432 764 591 837 ablativus,
616 783 703 839 quem
721 765 770 821 illi
787 783 847 822 non
865 763 984 839 habent,
1007 783 1114 840 parum

95 854 255 912 conveniat
272 872 332 911 uno
352 871 424 912 casu
441 856 553 927 nostro,
572 855 702 928 quinque
718 852 838 912 Graecis
856 855 910 911 uti
936 856 1008 929 quin
1022 855 1114 912 etiam
1128 863 1167 917 60
1203 927 1206 937 Ι

94 942 199 1002 laudet
229 943 373 1002 virtutem
405 961 515 1017 eorum,
549 943 601 1017 qui
628 944 827 1018 potentiorem
854 943 952 1001 faeere
978 943 1114 1020 linguam

94 1031 237 1089 Latinam
261 1031 421 1090 studebant
443 1049 497 1089 neo
520 1031 626 1089 alienis
650 1049 734 1108 egere
757 1033 905 1090 institutis
928 1031 1113 1089 fatebantur:

54 1148 81 1187 10
94 1120 164 1179 inde
199 1114 376 1179 ‘Castorem'
408 1121 507 1179 media
543 1120 661 1196 syllaba
696 1121 842 1196 producta
873 1122 1113 1196 pronuntiarunt,

96 1212 169 1285 quia
200 1210 256 1268 hoo
287 1209 423 1268 omnibus
454 1212 564 1268 nostris
594 1209 763 1268 nominibus
794 1209 955 1282 accidebat,
988 1228 1114 1284 quorum

94 1301 195 1375 prima
217 1299 328 1375 positio
350 1301 383 1356 iu
406 1299 525 1357 easdem
548 1309 622 1374 quas
642 1293 771 1357 ‘Castor’
795 1299 912 1357 litteras
937 1301 1007 1372 exit,
1030 1300 1061 1356 et
1080 1299 1115 1356 ut

96 1383 262 1447 ‘Palaemo’
292 1406 327 1445 ae
352 1383 497 1446 ‘Telamo'
522 1390 553 1446 et
576 1383 686 1446 ‘Plato'
721 1380 805 1468 (nam
837 1390 880 1447 sie
912 1407 979 1445 eum
1013 1386 1114 1446 Gieero

95 1496 216 1553 quoque
249 1469 397 1558 appellat)
431 1476 598 1535 dicerentur
629 1479 831 1551 retinuerunt,
864 1479 935 1552 quia
964 1476 1114 1552 Latinum,

55 1592 81 1632 15
96 1566 175 1642 quod
205 1585 223 1625 o
252 1569 282 1625 et
309 1586 329 1622 n
356 1566 464 1625 litteris
488 1564 634 1641 finiretur,
662 1585 722 1624 non
744 1566 940 1641 reperiebant.
981 1584 1018 1623 ne
1041 1568 1073 1623 in
1097 1575 1166 1630 ael

96 1656 219 1731 quidem
249 1657 339 1730 atque
369 1673 383 1713 s
412 1655 530 1714 litteras
561 1657 640 1713 exire
669 1657 779 1714 temere
806 1655 972 1715 masculina
1001 1653 1115 1714 Graeca

94 1744 219 1802 nomina
245 1748 326 1803 reoto
354 1763 424 1804 oasu
446 1743 648 1820 patiebantur,
675 1745 800 1821 ideoque
824 1747 855 1803 et
877 1745 957 1820 apud
982 1743 1114 1802 (laelium

94 1835 224 1910 legimus
267 1829 361 1892 ‘Pelia
399 1829 598 1893 cincinnatus'
641 1836 670 1892 et
713 1834 793 1909 apud
833 1834 992 1893 Messalam
1031 1829 1115 1892 ‘bene

95 1923 168 1981 feeit
211 1918 346 1997 Euthia',
391 1927 421 1982 et
470 1923 549 1997 apud
599 1922 769 1981 Ciceronem
814 1917 1032 1999 ‘Hermagora’,
1078 1941 1115 1980 ne

57 2038 82 2078 20
95 2013 248 2085 miremur,
277 2011 356 2086 quod
384 2012 421 2070 ab
445 2015 638 2086 antiquorum
660 2013 810 2087 plerisque
836 2007 959 2070 ‘Aenea'
984 2014 1018 2069 ut
1042 2005 1115 2068 ‘An-

96 2096 190 2161 chisa'
216 2101 257 2159 sit
279 2102 384 2160 dietus.
408 2120 478 2159 nam
502 2101 528 2159 si
547 2103 582 2159 ut
602 2097 768 2160 ‘Maecenas
798 2100 923 2159 Sufenas
952 2095 1113 2175 Asprenas’
1130 2109 1168 2164 62

95 2190 275 2263 dicerentur,
307 2190 444 2268 genetivo
476 2208 546 2249 oasu
576 2209 635 2247 non
665 2210 680 2246 e
707 2191 819 2263 littera,
851 2189 901 2249 sed
931 2190 971 2246 tis
999 2188 1116 2264 syllaba

95 2280 336 2339 terminarentur.
382 2279 451 2338 inde
484 2277 614 2355 Olympo
647 2282 677 2337 et
710 2282 839 2354 tyranno
873 2281 993 2336 acutam
1025 2278 1114 2353 sylla-

95 2369 166 2427 bam
193 2368 323 2426 mediam
351 2369 502 2441 dederunt,
532 2369 603 2444 quia
633 2365 759 2444 [duabus
788 2368 885 2445 longis
909 2360 1115 2445 sequentibus]

58 2483 81 2524 25
94 2460 227 2534 primam
249 2458 369 2515 brevem
393 2459 460 2517 aeui
482 2461 583 2516 noster
606 2475 702 2516 sermo
725 2475 784 2515 non
806 2457 930 2532 patitur.
963 2458 1006 2516 sie
1029 2476 1115 2535 gene·
1130 2466 1168 2520 68

95 2548 187 2606 tirus¹
212 2542 316 2605 ‘Ulixi’
349 2549 380 2605 et
411 2543 545 2605 ‘Achilli’
579 2547 658 2621 feeit,
691 2547 743 2618 sio¹
766 2546 827 2605 alia
857 2547 996 2622 plurima.
1038 2564 1116 2604 nuno

94 2635 273 2696 recentiores
300 2637 497 2695 instituerunt
525 2634 645 2695 Graecis
673 2636 843 2694 nominibus
872 2634 999 2695 Graecas
1027 2635 1115 2694 deeli-

94 2725 233 2784 nationes
256 2726 356 2800 potius
380 2725 459 2800 dare,
484 2725 563 2800 quod
585 2729 688 2784 tamen
710 2726 809 2800 ipsum
831 2743 892 2783 non
915 2744 1031 2800 semper
1050 2723 1116 2782 fieri

94 2817 204 2891 potest.
228 2815 302 2872 mihi
325 2818 425 2873 autem
448 2815 547 2890 placet
565 2816 714 2873 rationem
731 2814 873 2872 Latinam
892 2813 983 2889 sequi,
1007 2833 1115 2889 quous·

59 2929 82 2968 30
96 2923 153 2980 que
177 2905 295 2979 patitur
318 2903 414 2963 decor.
437 2923 532 2979 neque
556 2903 635 2962 enim
658 2905 720 2962 iam
743 2897 965 2978 ‘Calypsonem'
990 2903 1115 2961 dixerim

95 2996 130 3052 ut
149 2987 328 3066 ‘Iunonem’,
347 3011 527 3069 quamquam
547 2995 664 3052 secutus
684 2993 823 3068 antiquos
844 2992 874 3053 0.
891 2992 1000 3051 Caesar
1018 2993 1116 3051 utitur

169 3240 203 3290 19
222 3235 265 3290 De
282 3235 337 3289 inv.
359 3241 383 3303 1,
403 3241 428 3302 6,
448 3240 463 3287 9
484 3237 512 3289 et
531 3235 643 3304 saepius

167 3477 244 3537 leq.
270 3470 410 3524 Valeriam
429 3470 551 3524 Probum
569 3470 701 3539 intellepa't
774 3474 809 3522 24
833 3467 946 3521 duabus
960 3465 1061 3536 lonrg'is
1076 3481 1122 3518 ee-

92 3540 246 3610 quentibus
258 3541 353 3607 (r’nseq.
369 3542 404 3609 A)
419 3541 466 3595 del
479 3541 511 3595 G.
524 3542 677 3597 Hermann
749 3545 783 3598 30
802 3540 937 3614 patietur
953 3549 995 3593 Ab
