2460 3854
163 124 227 207 118
462 122 690 194 ovmrumm
707 122 798 191 mss.
819 122 875 176 oa.

162 295 243 351 certa
265 293 331 370 lege
354 294 487 366 sortitur,
509 291 678 368 principum
702 295 802 351 autem
821 295 851 350 et
865 295 986 351 senatus
1001 291 1163 369 cognitioni-

161 382 217 442 bus
240 383 378 457 frequens
403 385 449 440 est
476 385 506 440 et
532 382 638 457 populi
664 382 731 439 fuit.
768 381 888 456 privata
920 400 1040 457 quoque
1067 380 1164 439 iudicia

162 489 251 546 saepe
275 491 367 530 uuum
389 471 517 530 iudicem
545 470 653 529 hebere
683 470 786 529 multis
819 474 849 530 et
881 470 1008 530 diversis
1040 469 1165 530 formulis

129 561 267 619 2solent.
304 578 358 618 nec
387 561 465 619 aliae
497 561 609 634 species
642 563 737 632 erunt,
765 561 883 618 etiamsi
911 577 990 618 unus
1018 579 1037 618 a
1057 558 1166 631 ,dnobus

163 650 319 709 dumtaxat
342 649 466 708 eandem
488 668 551 707 rem
574 651 665 723 etque
695 667 730 707 ex
758 648 860 706 eadem
884 667 976 708 causa
1006 652 1099 724 petet,
1124 649 1170 706 eut
1203 653 1215 694 ⁵

163 739 222 797 duo
247 737 284 796 ab
303 757 372 812 uno,
395 742 448 796 aut
465 738 566 813 plures
585 755 604 795 e
621 738 771 813 pluribus:
795 737 875 813 quod
894 737 1028 797 accidere
1047 740 1080 796 in
1097 738 1167 796 here-

163 829 282 885 ditariis
305 827 410 886 litibus
437 827 558 885 intem’m
585 829 708 901 scimus,
736 829 817 902 quie,
850 829 989 902 quamvis
1021 830 1054 886 in
1077 828 1170 886 multis

163 918 307 993 personis,
326 934 416 975 causa
434 919 535 975 tamen
552 935 613 973 una
632 919 685 989 est,
708 916 767 975 nisi
787 918 813 975 si
832 917 966 975 condicio
985 935 1171 992 personarum

166 1007 354 1081 quaestiones
377 1007 549 1064 variaverit.

130 1097 149 1151 8
174 1168 176 1170 v
230 1094 390 1154 Diversum
411 1094 458 1153 his
481 1096 605 1153 tertium
628 1113 730 1172 genua
760 1095 846 1175 quod
867 1094 978 1155 dicitur
1006 1113 1172 1170 conpara·
1187 1106 1209 1150 ro

163 1186 286 1243 tivum.
317 1186 400 1243 cuius
423 1186 468 1242 rei
490 1187 636 1242 tractatus
659 1186 690 1242 in
714 1187 800 1258 perte
823 1202 930 1243 causae
960 1179 1103 1260 frequens
1128 1187 1174 1256 ost,

164 1277 199 1332 ut
221 1292 290 1331 oum
313 1273 392 1348 apud
417 1275 615 1332 centumviros
637 1275 707 1349 post
730 1273 791 1331 alie.
810 1275 965 1348 quaeritur
979 1277 1010 1332 et
1028 1274 1095 1347 hoc,
1117 1277 1175 1332 uter

165 1362 288 1439 dignior.
305 1362 470 1420 hereditate
493 1364 541 1420 sit.
563 1380 666 1420 rerum
685 1364 730 1420 est
749 1365 857 1437 autem,
880 1364 967 1421 utin
986 1364 1054 1423 foro
1072 1363 1176 1422 iudicia

164 1455 287 1527 propter
300 1451 331 1509 id
350 1452 448 1510 solum
467 1453 697 1524 constituantur,
721 1453 798 1511 sicut
817 1451 1085 1527 divinationes,
1108 1470 1175 1528 quae

164 1540 241 1598 fiunt
268 1540 304 1598 de
335 1544 505 1600 accusatore
538 1540 753 1613 constituendo,
785 1544 816 1600 et
846 1560 1076 1618 nonnumquam
1106 1544 1176 1603 inter
1185 1556 1202 1598 c

132 1629 321 1702 idolatoreS,
344 1633 411 1687 uter
432 1631 600 1705 praemium
621 1631 772 1688 meruerit.
796 1630 969 1689 adiecerunt
988 1626 1111 1706 quidam
1129 1650 1176 1688 nu·

165 1737 246 1777 mero
279 1722 438 1778 mutuam
470 1721 736 1778 accusationem
769 1710 1013 1799 (ἀντικατηγορία
1046 1711 1176 1798 vocatur)

166 1808 235 1867 aliis
258 1808 398 1869 videlieet
429 1807 584 1867 succedere
616 1809 693 1867 hanc
717 1827 835 1885 quoque
858 1811 1056 1885 conparativo
1085 1808 1176 1889 generi

167 1897 414 1956 existimantibus.
444 1899 493 1955 eui
515 1897 622 1957 similis
646 1900 704 1956 erit
726 1900 906 1974 petitionum
928 1900 1061 1958 invicem
1088 1900 1176 1959 diver·

167 2005 279 2046 sarum:
313 1986 392 2062 quod
421 1987 530 2046 accidit
556 1987 605 2046 vel
632 1988 879 2062 frequentissime.
911 1987 943 2045 id
971 1990 999 2047 si
1026 1992 1058 2048 at
1087 1989 1205 2063 ipsumsi

166 2077 269 2136 vocari
291 2075 380 2134 debet
402 2072 629 2156 ἀντικατηγορία
661 2070 745 2157 (nem
772 2079 894 2152 proprio
925 2080 1009 2136 caret
1041 2070 1177 2158 nomine),

167 2165 225 2224 duo
249 2184 358 2243 genera
381 2167 470 2224 erunt
492 2168 568 2224 eius:
592 2166 728 2240 alterum,
752 2185 811 2241 quo
833 2167 1003 2244 litigatores
1026 2167 1108 2226 idem
1130 2169 1177 2226 ori·

166 2273 235 2313 men
257 2255 385 2314 invicem
408 2256 569 2328 intentent,
599 2256 739 2328 aiterum,
771 2275 830 2331 quo
862 2255 946 2314 aliud
974 2259 1067 2332 atque
1095 2256 1177 2316 aliud.

168 2347 218 2402 oui
241 2348 272 2402 et
294 2345 474 2419 petitionum
497 2344 631 2403 condicio
653 2364 709 2420 par
732 2346 786 2403 est.

136 2433 153 2488 ὅ
236 2431 311 2491 (lum
334 2434 508 2508 apparuerit
530 2452 622 2511 genus
646 2452 762 2506 causae,
788 2437 852 2492 tum
876 2434 1070 2509 intuebimur,
1097 2450 1208 2512 nege-s

168 2524 255 2580 turne
288 2523 411 2596 factum,
444 2522 523 2598 quod
554 2523 734 2597 intenditur,
766 2542 805 2600 an
837 2522 1023 2599 defendatur,
1057 2544 1097 2584 an
1126 2526 1179 2583 alio

169 2613 289 2670 nomine
313 2612 488 2687 appelletur,
519 2632 557 2672 an
580 2632 598 2670 a
622 2631 729 2689 genere
752 2614 878 2672 aetionis
900 2614 1080 2689 repellatur:
1110 2615 1180 2673 unde

169 2703 240 2760 sunt
263 2703 367 2759 status.

170 2851 269 2924 [oum
285 2853 340 2908 sir
355 2851 544 2920 ouansno,
563 2853 683 2921 nimo,
701 2853 895 2924 mercurio,
915 2853 1127 2911 eonrmnus
1140 2854 1181 2911 nr

448 2941 642 3008 ocnrnnus
661 2941 907 3016 recessuum]
1106 2990 1110 2995 .
1193 2951 1214 2994 o

135 3059 152 3112 1
239 3058 289 3116 XI.
331 3058 388 3117 His
424 3060 553 3119 inventis
589 3060 768 3119 intuendum
809 3061 948 3137 deinceps
984 3059 1184 3142 Hermagorae

170 3147 298 3222 videtur,
331 3147 403 3222 quid
436 3148 475 3207 sit
512 3151 692 3223 quaestio,
728 3151 839 3224 ratio,
875 3151 1071 3227 iudicatio,
1109 3171 1185 3212 eon·

244 3378 276 3425 17
297 3388 369 3440 quae
388 3371 608 3442 ἀντικατηγορία
620 3376 736 3428 vocatur
749 3376 1000 3444 BPcfp196,1b
1077 3383 1111 3433 18
1130 3394 1187 3433 sno·

166 3444 263 3498 cidere
279 3444 349 3499 BP¹
421 3450 456 3498 32
475 3445 635 3518 continens]
649 3446 794 3501 continens
803 3446 984 3541 slssyneehon
994 3458 1022 3502 ι·
1034 3450 1187 3521 θτσυνεχον

150 3514 187 3566 id
205 3518 251 3571 est
270 3517 423 3574 continens
444 3518 481 3574 1lt
500 3519 652 3576 continens
674 3528 695 3583 o
