<?xml version="1.0" encoding="UTF-8"?>
<!DOCTYPE html PUBLIC "-//W3C//DTD XHTML 1.0 Transitional//EN"
    "http://www.w3.org/TR/xhtml1/DTD/xhtml1-transitional.dtd">
<html xmlns="http://www.w3.org/1999/xhtml" xml:lang="en" lang="en">
 <head>
  <title>
</title>
<meta http-equiv="Content-Type" content="text/html;charset=utf-8" />
  <meta name='ocr-system' content='tesseract 3.04.00' />
  <meta name='ocr-capabilities' content='ocr_page ocr_carea ocr_par ocr_line ocrx_word'/>
</head>
<body>
  <div class='ocr_page' id='page_1' title='image "./mfabiqvintilian00quingoog_0049.png"; bbox 0 0 2460 3854; ppageno 0'>
   <div class='ocr_carea' id='block_1_1' title="bbox 128 139 845 207">
    <p class='ocr_par' dir='ltr' id='par_1_1' title="bbox 128 139 845 207">
     <span class='ocr_line' id='line_1_1' title="bbox 128 139 845 207; baseline -0.017 -1"><span class='ocrx_word' id='word_1_1' title='bbox 128 143 171 206; x_wconf 88' lang='lat'>30</span> <span class='ocrx_word' id='word_1_2' title='bbox 430 140 660 207; x_wconf 83' lang='lat' dir='ltr'><strong>QVINTILIANI</strong></span> <span class='ocrx_word' id='word_1_3' title='bbox 677 139 768 194; x_wconf 83' lang='lat' dir='ltr'>INST.</span> <span class='ocrx_word' id='word_1_4' title='bbox 789 139 845 195; x_wconf 78' lang='lat' dir='ltr'>oa.</span> 
     </span>
    </p>
   </div>
   <div class='ocr_carea' id='block_1_2' title="bbox 68 305 1183 2975">
    <p class='ocr_par' dir='ltr' id='par_1_2' title="bbox 124 305 1147 566">
     <span class='ocr_line' id='line_1_2' title="bbox 128 305 1146 386; baseline 0 -16"><span class='ocrx_word' id='word_1_5' title='bbox 128 307 260 370; x_wconf 80' lang='lat' dir='ltr'>‘hordea&#39;</span> <span class='ocrx_word' id='word_1_6' title='bbox 291 314 321 370; x_wconf 89' lang='lat' dir='ltr'>et</span> <span class='ocrx_word' id='word_1_7' title='bbox 350 305 480 386; x_wconf 83' lang='lat' dir='ltr'>‘mulsa&#39;,</span> <span class='ocrx_word' id='word_1_8' title='bbox 511 311 582 369; x_wconf 88' lang='lat' dir='ltr'>licet</span> <span class='ocrx_word' id='word_1_9' title='bbox 608 309 778 368; x_wconf 90' lang='lat' dir='ltr'>litterarum</span> <span class='ocrx_word' id='word_1_10' title='bbox 805 311 1004 369; x_wconf 78' lang='lat' dir='ltr'><strong>mutationem</strong></span> <span class='ocrx_word' id='word_1_11' title='bbox 1032 310 1146 370; x_wconf 89' lang='lat' dir='ltr'>detrac-</span> 
     </span>
     <span class='ocr_line' id='line_1_3' title="bbox 124 398 1147 475; baseline -0.002 -16"><span class='ocrx_word' id='word_1_12' title='bbox 124 402 247 475; x_wconf 77' lang='lat' dir='ltr'>tionem,</span> <span class='ocrx_word' id='word_1_13' title='bbox 270 401 467 460; x_wconf 88' lang='lat' dir='ltr'>adiectionem</span> <span class='ocrx_word' id='word_1_14' title='bbox 490 399 629 468; x_wconf 80' lang='lat' dir='ltr'>habeant,</span> <span class='ocrx_word' id='word_1_15' title='bbox 652 418 712 458; x_wconf 90' lang='lat' dir='ltr'>non</span> <span class='ocrx_word' id='word_1_16' title='bbox 736 398 796 458; x_wconf 92' lang='lat' dir='ltr'>alio</span> <span class='ocrx_word' id='word_1_17' title='bbox 819 399 929 458; x_wconf 86' lang='lat' dir='ltr'>vitiosa</span> <span class='ocrx_word' id='word_1_18' title='bbox 952 401 1032 473; x_wconf 92' lang='lat' dir='ltr'>sunt,</span> <span class='ocrx_word' id='word_1_19' title='bbox 1057 418 1147 474; x_wconf 89' lang='lat' dir='ltr'>quam</span> 
     </span>
     <span class='ocr_line' id='line_1_4' title="bbox 125 488 1147 566; baseline -0.001 -17"><span class='ocrx_word' id='word_1_20' title='bbox 125 490 206 566; x_wconf 91' lang='lat' dir='ltr'>quod</span> <span class='ocrx_word' id='word_1_21' title='bbox 237 490 369 566; x_wconf 84' lang='lat' dir='ltr'>pluralia</span> <span class='ocrx_word' id='word_1_22' title='bbox 401 489 595 566; x_wconf 79' lang='lat' dir='ltr'>singulariter</span> <span class='ocrx_word' id='word_1_23' title='bbox 628 491 658 547; x_wconf 86' lang='lat' dir='ltr'>et</span> <span class='ocrx_word' id='word_1_24' title='bbox 690 489 856 566; x_wconf 79' lang='lat' dir='ltr'>singularia</span> <span class='ocrx_word' id='word_1_25' title='bbox 887 488 1048 562; x_wconf 85' lang='lat' dir='ltr'>pluraliter</span> <span class='ocrx_word' id='word_1_26' title='bbox 1080 488 1147 548; x_wconf 86' lang='lat' dir='ltr'>effe·</span> 
     </span>
    </p>

    <p class='ocr_par' dir='ltr' id='par_1_3' title="bbox 72 574 1178 906">
     <span class='ocr_line' id='line_1_5' title="bbox 72 574 1148 657; baseline 0.002 -23"><span class='ocrx_word' id='word_1_27' title='bbox 72 581 108 636; x_wconf 84' lang='grc'>17</span> <span class='ocrx_word' id='word_1_28' title='bbox 123 582 246 638; x_wconf 89' lang='lat' dir='ltr'>runtur:</span> <span class='ocrx_word' id='word_1_29' title='bbox 277 582 307 638; x_wconf 88' lang='lat' dir='ltr'>et</span> <span class='ocrx_word' id='word_1_30' title='bbox 331 574 454 657; x_wconf 81' lang='lat' dir='ltr'>‘gladia&#39;</span> <span class='ocrx_word' id='word_1_31' title='bbox 485 579 538 654; x_wconf 80' lang='lat' dir='ltr'>qui</span> <span class='ocrx_word' id='word_1_32' title='bbox 565 577 711 650; x_wconf 85' lang='lat' dir='ltr'>dixerunt,</span> <span class='ocrx_word' id='word_1_33' title='bbox 742 596 848 654; x_wconf 82' lang='lat' dir='ltr'>genere</span> <span class='ocrx_word' id='word_1_34' title='bbox 877 577 1057 636; x_wconf 85' lang='lat' dir='ltr'>exciderunt.</span> <span class='ocrx_word' id='word_1_35' title='bbox 1097 577 1148 637; x_wconf 92' lang='lat' dir='ltr'>sed</span> 
     </span>
     <span class='ocr_line' id='line_1_6' title="bbox 124 667 1178 744; baseline 0 -18"><span class='ocrx_word' id='word_1_36' title='bbox 124 668 180 727; x_wconf 90' lang='lat' dir='ltr'>hoc</span> <span class='ocrx_word' id='word_1_37' title='bbox 205 687 323 744; x_wconf 90' lang='lat' dir='ltr'>quoque</span> <span class='ocrx_word' id='word_1_38' title='bbox 345 670 450 728; x_wconf 87' lang='lat' dir='ltr'>notare</span> <span class='ocrx_word' id='word_1_39' title='bbox 473 670 630 726; x_wconf 87' lang='lat' dir='ltr'>contentus</span> <span class='ocrx_word' id='word_1_40' title='bbox 654 685 730 740; x_wconf 89' lang='lat' dir='ltr'>sum,</span> <span class='ocrx_word' id='word_1_41' title='bbox 758 687 795 724; x_wconf 89' lang='lat' dir='ltr'>ne</span> <span class='ocrx_word' id='word_1_42' title='bbox 819 669 879 725; x_wconf 85' lang='lat' dir='ltr'>arti</span> <span class='ocrx_word' id='word_1_43' title='bbox 903 667 993 742; x_wconf 90' lang='lat' dir='ltr'>culpa</span> <span class='ocrx_word' id='word_1_44' title='bbox 1015 685 1178 743; x_wconf 76' lang='lat' dir='ltr'>quorun-s</span> 
     </span>
     <span class='ocr_line' id='line_1_7' title="bbox 125 755 1149 832; baseline 0 -17"><span class='ocrx_word' id='word_1_45' title='bbox 125 757 195 815; x_wconf 90' lang='lat' dir='ltr'>dam</span> <span class='ocrx_word' id='word_1_46' title='bbox 226 758 428 832; x_wconf 84' lang='lat' dir='ltr'>pervicacium</span> <span class='ocrx_word' id='word_1_47' title='bbox 458 757 618 832; x_wconf 82' lang='lat' dir='ltr'>perplexae</span> <span class='ocrx_word' id='word_1_48' title='bbox 650 755 755 814; x_wconf 82' lang='lat' dir='ltr'>videar</span> <span class='ocrx_word' id='word_1_49' title='bbox 785 759 815 814; x_wconf 90' lang='lat' dir='ltr'>et</span> <span class='ocrx_word' id='word_1_50' title='bbox 844 758 908 832; x_wconf 90' lang='lat' dir='ltr'>ipse</span> <span class='ocrx_word' id='word_1_51' title='bbox 940 757 1149 831; x_wconf 88' lang='lat' dir='ltr'>quaestionem</span> 
     </span>
     <span class='ocr_line' id='line_1_8' title="bbox 125 846 282 906; baseline 0 -2"><span class='ocrx_word' id='word_1_52' title='bbox 125 846 282 906; x_wconf 83' lang='lat' dir='ltr'>addidisse.</span> 
     </span>
    </p>

    <p class='ocr_par' dir='ltr' id='par_1_4' title="bbox 122 933 1179 1441">
     <span class='ocr_line' id='line_1_9' title="bbox 190 933 1148 1014; baseline 0.001 -21"><span class='ocrx_word' id='word_1_53' title='bbox 190 935 262 994; x_wconf 88' lang='lat' dir='ltr'>Plus</span> <span class='ocrx_word' id='word_1_54' title='bbox 300 937 423 1014; x_wconf 75' lang='lat' dir='ltr'>exigimt</span> <span class='ocrx_word' id='word_1_55' title='bbox 459 934 637 1010; x_wconf 85' lang='lat' dir='ltr'>suptilitatis</span> <span class='ocrx_word' id='word_1_56' title='bbox 675 953 752 1011; x_wconf 84' lang='lat' dir='ltr'>quae</span> <span class='ocrx_word' id='word_1_57' title='bbox 785 934 925 993; x_wconf 82' lang='lat' dir='ltr'>accidunt</span> <span class='ocrx_word' id='word_1_58' title='bbox 956 935 990 992; x_wconf 92' lang='lat' dir='ltr'>in</span> <span class='ocrx_word' id='word_1_59' title='bbox 1022 933 1148 994; x_wconf 88' lang='lat' dir='ltr'>dicando</span> 
     </span>
     <span class='ocr_line' id='line_1_10' title="bbox 123 1023 1148 1100; baseline 0.002 -17"><span class='ocrx_word' id='word_1_60' title='bbox 123 1026 208 1099; x_wconf 84' lang='lat' dir='ltr'>vitia,</span> <span class='ocrx_word' id='word_1_61' title='bbox 232 1025 303 1100; x_wconf 89' lang='lat' dir='ltr'>quia</span> <span class='ocrx_word' id='word_1_62' title='bbox 327 1025 461 1100; x_wconf 85' lang='lat' dir='ltr'>exempla</span> <span class='ocrx_word' id='word_1_63' title='bbox 485 1043 587 1082; x_wconf 91' lang='lat' dir='ltr'>eorum</span> <span class='ocrx_word' id='word_1_64' title='bbox 609 1023 690 1083; x_wconf 81' lang='lat' dir='ltr'>tradi</span> <span class='ocrx_word' id='word_1_65' title='bbox 713 1025 824 1098; x_wconf 83' lang='lat' dir='ltr'>scripto</span> <span class='ocrx_word' id='word_1_66' title='bbox 847 1042 908 1082; x_wconf 91' lang='lat' dir='ltr'>non</span> <span class='ocrx_word' id='word_1_67' title='bbox 930 1026 1065 1099; x_wconf 91' lang='lat' dir='ltr'>possunt,</span> <span class='ocrx_word' id='word_1_68' title='bbox 1088 1024 1148 1085; x_wconf 89' lang='lat' dir='ltr'>nisi</span> 
     </span>
     <span class='ocr_line' id='line_1_11' title="bbox 124 1108 1179 1189; baseline 0.002 -17"><span class='ocrx_word' id='word_1_69' title='bbox 124 1133 192 1172; x_wconf 89' lang='lat' dir='ltr'>cum</span> <span class='ocrx_word' id='word_1_70' title='bbox 219 1116 251 1171; x_wconf 90' lang='lat' dir='ltr'>in</span> <span class='ocrx_word' id='word_1_71' title='bbox 274 1133 377 1173; x_wconf 87' lang='lat' dir='ltr'>versus</span> <span class='ocrx_word' id='word_1_72' title='bbox 401 1113 578 1187; x_wconf 89' lang='lat' dir='ltr'>inciderunt,</span> <span class='ocrx_word' id='word_1_73' title='bbox 608 1116 643 1171; x_wconf 91' lang='lat' dir='ltr'>ut</span> <span class='ocrx_word' id='word_1_74' title='bbox 672 1113 780 1172; x_wconf 86' lang='lat' dir='ltr'>divisio</span> <span class='ocrx_word' id='word_1_75' title='bbox 805 1108 950 1189; x_wconf 78' lang='lat' dir='ltr'>‘Europai</span> <span class='ocrx_word' id='word_1_76' title='bbox 972 1108 1084 1188; x_wconf 87' lang='lat' dir='ltr'>Asiai&#39;,</span> <span class='ocrx_word' id='word_1_77' title='bbox 1118 1115 1179 1174; x_wconf 84' lang='lat' dir='ltr'>etro</span> 
     </span>
     <span class='ocr_line' id='line_1_12' title="bbox 124 1200 1147 1279; baseline 0.001 -18"><span class='ocrx_word' id='word_1_78' title='bbox 124 1204 151 1261; x_wconf 90' lang='lat' dir='ltr'>ei</span> <span class='ocrx_word' id='word_1_79' title='bbox 181 1205 365 1262; x_wconf 90' lang='lat' dir='ltr'>contrarium</span> <span class='ocrx_word' id='word_1_80' title='bbox 394 1203 512 1276; x_wconf 86' lang='lat' dir='ltr'>vitium,</span> <span class='ocrx_word' id='word_1_81' title='bbox 543 1202 622 1277; x_wconf 91' lang='lat' dir='ltr'>quod</span> <span class='ocrx_word' id='word_1_82' title='bbox 652 1201 822 1278; x_wconf 81' lang='grc' dir='ltr'><strong><em>συναίρεσιν</em></strong></span> <span class='ocrx_word' id='word_1_83' title='bbox 851 1206 881 1261; x_wconf 87' lang='lat' dir='ltr'>et</span> <span class='ocrx_word' id='word_1_84' title='bbox 907 1200 1147 1279; x_wconf 77' lang='grc' dir='ltr'><strong><em>ἐπισυναλοιφήν</em></strong></span> 
     </span>
     <span class='ocr_line' id='line_1_13' title="bbox 124 1290 1149 1368; baseline -0.001 -17"><span class='ocrx_word' id='word_1_85' title='bbox 124 1290 233 1351; x_wconf 84' lang='lat' dir='ltr'>Graeci</span> <span class='ocrx_word' id='word_1_86' title='bbox 254 1295 372 1366; x_wconf 82' lang='lat' dir='ltr'>vocant,</span> <span class='ocrx_word' id='word_1_87' title='bbox 395 1311 449 1351; x_wconf 94' lang='lat' dir='ltr'>nos</span> <span class='ocrx_word' id='word_1_88' title='bbox 469 1292 704 1366; x_wconf 79' lang='lat' dir='ltr'>complexionem</span> <span class='ocrx_word' id='word_1_89' title='bbox 723 1291 857 1368; x_wconf 84' lang='lat' dir='ltr'>dicimus,</span> <span class='ocrx_word' id='word_1_90' title='bbox 882 1292 981 1368; x_wconf 89' lang='lat' dir='ltr'>qualis</span> <span class='ocrx_word' id='word_1_91' title='bbox 1001 1294 1048 1350; x_wconf 92' lang='lat' dir='ltr'>est</span> <span class='ocrx_word' id='word_1_92' title='bbox 1066 1291 1149 1368; x_wconf 91' lang='lat' dir='ltr'>apud</span> 
     </span>
     <span class='ocr_line' id='line_1_14' title="bbox 122 1380 556 1441; baseline 0 -2"><span class='ocrx_word' id='word_1_93' title='bbox 122 1380 155 1439; x_wconf 92' lang='lat' dir='ltr'>P.</span> <span class='ocrx_word' id='word_1_94' title='bbox 175 1382 341 1441; x_wconf 85' lang='lat' dir='ltr'>Varronem</span> <span class='ocrx_word' id='word_1_95' title='bbox 372 1400 376 1408; x_wconf 90' lang='grc'><strong>’</strong></span> <span class='ocrx_word' id='word_1_96' title='bbox 553 1380 556 1387; x_wconf 82' lang='lat'>&#39;</span> 
     </span>
    </p>

    <p class='ocr_par' dir='ltr' id='par_1_5' title="bbox 223 1465 1047 1548">
     <span class='ocr_line' id='line_1_15' title="bbox 223 1465 1047 1548; baseline -0.001 -19"><span class='ocrx_word' id='word_1_97' title='bbox 223 1465 302 1529; x_wconf 75' lang='lat' dir='ltr'>‘tum</span> <span class='ocrx_word' id='word_1_98' title='bbox 325 1472 355 1528; x_wconf 87' lang='lat' dir='ltr'>te</span> <span class='ocrx_word' id='word_1_99' title='bbox 378 1469 526 1548; x_wconf 85' lang='lat' dir='ltr'>flagranti</span> <span class='ocrx_word' id='word_1_100' title='bbox 548 1469 697 1529; x_wconf 89' lang='lat' dir='ltr'>deiectum</span> <span class='ocrx_word' id='word_1_101' title='bbox 720 1470 846 1528; x_wconf 88' lang='lat' dir='ltr'>fulmine</span> <span class='ocrx_word' id='word_1_102' title='bbox 869 1465 1047 1528; x_wconf 86' lang='lat' dir='ltr'>Phaethon&#39;</span> 
     </span>
    </p>

    <p class='ocr_par' dir='ltr' id='par_1_6' title="bbox 70 1559 1179 1813">
     <span class='ocr_line' id='line_1_16' title="bbox 70 1559 1179 1635; baseline 0.005 -20"><span class='ocrx_word' id='word_1_103' title='bbox 70 1561 107 1616; x_wconf 87' lang='grc'>18</span> <span class='ocrx_word' id='word_1_104' title='bbox 122 1579 193 1618; x_wconf 91' lang='lat' dir='ltr'>nam</span> <span class='ocrx_word' id='word_1_105' title='bbox 216 1559 243 1619; x_wconf 90' lang='lat' dir='ltr'>si</span> <span class='ocrx_word' id='word_1_106' title='bbox 266 1563 343 1619; x_wconf 90' lang='lat' dir='ltr'>esset</span> <span class='ocrx_word' id='word_1_107' title='bbox 365 1579 454 1635; x_wconf 91' lang='lat' dir='ltr'>prosa</span> <span class='ocrx_word' id='word_1_108' title='bbox 478 1561 584 1634; x_wconf 86' lang='lat' dir='ltr'>oratio,</span> <span class='ocrx_word' id='word_1_109' title='bbox 608 1559 727 1618; x_wconf 91' lang='lat' dir='ltr'>easdem</span> <span class='ocrx_word' id='word_1_110' title='bbox 749 1559 868 1618; x_wconf 86' lang='lat' dir='ltr'>litteras</span> <span class='ocrx_word' id='word_1_111' title='bbox 892 1560 1048 1618; x_wconf 87' lang='lat' dir='ltr'>enuntiare</span> <span class='ocrx_word' id='word_1_112' title='bbox 1068 1561 1179 1620; x_wconf 83' lang='lat' dir='ltr'>verisn</span> 
     </span>
     <span class='ocr_line' id='line_1_17' title="bbox 123 1648 1149 1724; baseline 0.002 -17"><span class='ocrx_word' id='word_1_113' title='bbox 123 1648 246 1724; x_wconf 83' lang='lat' dir='ltr'>syllabis</span> <span class='ocrx_word' id='word_1_114' title='bbox 277 1648 397 1707; x_wconf 88' lang='lat' dir='ltr'>licebat.</span> <span class='ocrx_word' id='word_1_115' title='bbox 443 1650 599 1724; x_wconf 88' lang='lat' dir='ltr'>praeterea</span> <span class='ocrx_word' id='word_1_116' title='bbox 631 1667 707 1724; x_wconf 88' lang='lat' dir='ltr'>quae</span> <span class='ocrx_word' id='word_1_117' title='bbox 739 1648 815 1707; x_wconf 89' lang='lat' dir='ltr'>fiunt</span> <span class='ocrx_word' id='word_1_118' title='bbox 844 1650 952 1724; x_wconf 90' lang='lat' dir='ltr'>spatio,</span> <span class='ocrx_word' id='word_1_119' title='bbox 984 1650 1048 1708; x_wconf 86' lang='lat' dir='ltr'>sive</span> <span class='ocrx_word' id='word_1_120' title='bbox 1080 1668 1149 1709; x_wconf 89' lang='lat' dir='ltr'>cum</span> 
     </span>
     <span class='ocr_line' id='line_1_18' title="bbox 123 1737 665 1813; baseline 0 -17"><span class='ocrx_word' id='word_1_121' title='bbox 123 1737 240 1813; x_wconf 88' lang='lat' dir='ltr'>syllaba</span> <span class='ocrx_word' id='word_1_122' title='bbox 264 1741 401 1813; x_wconf 88' lang='lat' dir='ltr'>correpta</span> <span class='ocrx_word' id='word_1_123' title='bbox 423 1739 608 1812; x_wconf 88' lang='lat' dir='ltr'>producitur,</span> <span class='ocrx_word' id='word_1_124' title='bbox 630 1739 665 1796; x_wconf 91' lang='lat' dir='ltr'>ut</span> 
     </span>
    </p>

    <p class='ocr_par' dir='ltr' id='par_1_7' title="bbox 123 1823 1180 2170">
     <span class='ocr_line' id='line_1_19' title="bbox 428 1823 837 1904; baseline 0.002 -19"><span class='ocrx_word' id='word_1_125' title='bbox 428 1823 562 1886; x_wconf 82' lang='lat' dir='ltr'>‘Italiam</span> <span class='ocrx_word' id='word_1_126' title='bbox 590 1827 654 1885; x_wconf 84' lang='lat' dir='ltr'>fato</span> <span class='ocrx_word' id='word_1_127' title='bbox 678 1823 837 1904; x_wconf 84' lang='lat' dir='ltr'>profugus’</span> 
     </span>
     <span class='ocr_line' id='line_1_20' title="bbox 123 1917 538 1995; baseline -0.002 -20"><span class='ocrx_word' id='word_1_128' title='bbox 123 1936 174 1975; x_wconf 85' lang='lat' dir='ltr'>seu</span> <span class='ocrx_word' id='word_1_129' title='bbox 197 1917 288 1995; x_wconf 81' lang='lat' dir='ltr'>longa</span> <span class='ocrx_word' id='word_1_130' title='bbox 312 1918 480 1992; x_wconf 87' lang='lat' dir='ltr'>corripitur,</span> <span class='ocrx_word' id='word_1_131' title='bbox 503 1920 538 1975; x_wconf 91' lang='lat' dir='ltr'>ut</span> 
     </span>
     <span class='ocr_line' id='line_1_21' title="bbox 397 2001 1180 2078; baseline 0.004 -14"><span class='ocrx_word' id='word_1_132' title='bbox 397 2001 495 2064; x_wconf 83' lang='lat' dir='ltr'>‘unius</span> <span class='ocrx_word' id='word_1_133' title='bbox 519 2005 556 2064; x_wconf 95' lang='lat' dir='ltr'>ob</span> <span class='ocrx_word' id='word_1_134' title='bbox 580 2025 689 2065; x_wconf 85' lang='lat' dir='ltr'>noxam</span> <span class='ocrx_word' id='word_1_135' title='bbox 712 2008 742 2064; x_wconf 89' lang='lat' dir='ltr'>et</span> <span class='ocrx_word' id='word_1_136' title='bbox 764 2001 880 2078; x_wconf 85' lang='lat' dir='ltr'>furias’,</span> <span class='ocrx_word' id='word_1_137' title='bbox 1160 2027 1180 2067; x_wconf 82' lang='lat' dir='ltr'>n</span> 
     </span>
     <span class='ocr_line' id='line_1_22' title="bbox 123 2094 1147 2170; baseline 0.002 -16"><span class='ocrx_word' id='word_1_138' title='bbox 123 2099 207 2154; x_wconf 83' lang='lat' dir='ltr'>extra</span> <span class='ocrx_word' id='word_1_139' title='bbox 237 2114 355 2154; x_wconf 84' lang='lat' dir='ltr'>carmen</span> <span class='ocrx_word' id='word_1_140' title='bbox 384 2114 444 2154; x_wconf 91' lang='lat' dir='ltr'>non</span> <span class='ocrx_word' id='word_1_141' title='bbox 475 2095 648 2170; x_wconf 89' lang='lat' dir='ltr'>deprendas,</span> <span class='ocrx_word' id='word_1_142' title='bbox 681 2094 734 2153; x_wconf 88' lang='lat' dir='ltr'>sed</span> <span class='ocrx_word' id='word_1_143' title='bbox 762 2113 816 2153; x_wconf 86' lang='lat' dir='ltr'>nco</span> <span class='ocrx_word' id='word_1_144' title='bbox 845 2096 878 2152; x_wconf 90' lang='lat' dir='ltr'>in</span> <span class='ocrx_word' id='word_1_145' title='bbox 909 2096 1041 2153; x_wconf 91' lang='lat' dir='ltr'>carmine</span> <span class='ocrx_word' id='word_1_146' title='bbox 1069 2095 1147 2156; x_wconf 81' lang='lat' dir='ltr'>vitia</span> 
     </span>
    </p>

    <p class='ocr_par' dir='ltr' id='par_1_8' title="bbox 69 2184 1181 2531">
     <span class='ocr_line' id='line_1_23' title="bbox 69 2184 1147 2261; baseline 0.003 -20"><span class='ocrx_word' id='word_1_147' title='bbox 69 2186 106 2241; x_wconf 76' lang='lat'>19</span> <span class='ocrx_word' id='word_1_148' title='bbox 122 2184 257 2244; x_wconf 87' lang='lat' dir='ltr'>ducenda</span> <span class='ocrx_word' id='word_1_149' title='bbox 287 2188 363 2245; x_wconf 91' lang='lat' dir='ltr'>sunt.</span> <span class='ocrx_word' id='word_1_150' title='bbox 406 2185 460 2242; x_wconf 91' lang='lat' dir='ltr'>illa</span> <span class='ocrx_word' id='word_1_151' title='bbox 489 2204 560 2244; x_wconf 85' lang='lat' dir='ltr'>vero</span> <span class='ocrx_word' id='word_1_152' title='bbox 591 2204 651 2243; x_wconf 93' lang='lat' dir='ltr'>non</span> <span class='ocrx_word' id='word_1_153' title='bbox 681 2186 740 2244; x_wconf 87' lang='lat' dir='ltr'>nisi</span> <span class='ocrx_word' id='word_1_154' title='bbox 768 2203 839 2242; x_wconf 89' lang='lat' dir='ltr'>aure</span> <span class='ocrx_word' id='word_1_155' title='bbox 868 2186 1036 2261; x_wconf 84' lang='lat' dir='ltr'>exiguntur,</span> <span class='ocrx_word' id='word_1_156' title='bbox 1069 2204 1147 2261; x_wconf 87' lang='lat' dir='ltr'>quae</span> 
     </span>
     <span class='ocr_line' id='line_1_24' title="bbox 121 2273 1148 2350; baseline 0.002 -18"><span class='ocrx_word' id='word_1_157' title='bbox 121 2273 199 2332; x_wconf 90' lang='lat' dir='ltr'>fiunt</span> <span class='ocrx_word' id='word_1_158' title='bbox 224 2294 279 2350; x_wconf 89' lang='lat' dir='ltr'>per</span> <span class='ocrx_word' id='word_1_159' title='bbox 307 2293 408 2334; x_wconf 88' lang='lat' dir='ltr'>sonos:</span> <span class='ocrx_word' id='word_1_160' title='bbox 442 2293 624 2350; x_wconf 87' lang='lat' dir='ltr'>quamquam</span> <span class='ocrx_word' id='word_1_161' title='bbox 651 2293 705 2349; x_wconf 89' lang='lat' dir='ltr'>per</span> <span class='ocrx_word' id='word_1_162' title='bbox 732 2275 960 2349; x_wconf 87' lang='lat' dir='ltr'>aspirationem,</span> <span class='ocrx_word' id='word_1_163' title='bbox 989 2275 1053 2332; x_wconf 83' lang='lat' dir='ltr'>sive</span> <span class='ocrx_word' id='word_1_164' title='bbox 1085 2274 1148 2334; x_wconf 87' lang='lat' dir='ltr'>adi·</span> 
     </span>
     <span class='ocr_line' id='line_1_25' title="bbox 123 2363 1148 2438; baseline 0.001 -16"><span class='ocrx_word' id='word_1_165' title='bbox 123 2364 201 2422; x_wconf 90' lang='lat' dir='ltr'>citur</span> <span class='ocrx_word' id='word_1_166' title='bbox 228 2365 336 2422; x_wconf 88' lang='lat' dir='ltr'>vitiose</span> <span class='ocrx_word' id='word_1_167' title='bbox 364 2363 425 2422; x_wconf 88' lang='lat' dir='ltr'>sive</span> <span class='ocrx_word' id='word_1_168' title='bbox 449 2363 626 2438; x_wconf 88' lang='lat' dir='ltr'>detrahitur,</span> <span class='ocrx_word' id='word_1_169' title='bbox 657 2363 738 2438; x_wconf 89' lang='lat' dir='ltr'>apud</span> <span class='ocrx_word' id='word_1_170' title='bbox 760 2365 937 2437; x_wconf 85' lang='lat' dir='ltr'>nospotast</span> <span class='ocrx_word' id='word_1_171' title='bbox 960 2364 1077 2438; x_wconf 87' lang='lat' dir='ltr'>quaeri,</span> <span class='ocrx_word' id='word_1_172' title='bbox 1109 2383 1148 2423; x_wconf 88' lang='lat' dir='ltr'>an</span> 
     </span>
     <span class='ocr_line' id='line_1_26' title="bbox 121 2453 1181 2531; baseline 0.004 -20"><span class='ocrx_word' id='word_1_173' title='bbox 121 2454 154 2511; x_wconf 89' lang='lat' dir='ltr'>in</span> <span class='ocrx_word' id='word_1_174' title='bbox 183 2455 294 2528; x_wconf 89' lang='lat' dir='ltr'>scripto</span> <span class='ocrx_word' id='word_1_175' title='bbox 323 2455 363 2512; x_wconf 88' lang='lat' dir='ltr'>sit</span> <span class='ocrx_word' id='word_1_176' title='bbox 390 2453 507 2526; x_wconf 86' lang='lat' dir='ltr'>vitium,</span> <span class='ocrx_word' id='word_1_177' title='bbox 538 2455 564 2511; x_wconf 89' lang='lat' dir='ltr'>si</span> <span class='ocrx_word' id='word_1_178' title='bbox 590 2453 611 2510; x_wconf 90' lang='lat' dir='ltr'><strong>h</strong></span> <span class='ocrx_word' id='word_1_179' title='bbox 638 2453 741 2512; x_wconf 86' lang='lat' dir='ltr'>littera</span> <span class='ocrx_word' id='word_1_180' title='bbox 769 2454 822 2525; x_wconf 88' lang='lat' dir='ltr'>est,</span> <span class='ocrx_word' id='word_1_181' title='bbox 852 2471 913 2510; x_wconf 90' lang='lat' dir='ltr'>non</span> <span class='ocrx_word' id='word_1_182' title='bbox 935 2454 1016 2531; x_wconf 76' lang='lat' dir='ltr'>nota</span> <span class='ocrx_word' id='word_1_183' title='bbox 1060 2456 1147 2513; x_wconf 84' lang='lat' dir='ltr'>cuius</span> <span class='ocrx_word' id='word_1_184' title='bbox 1160 2472 1181 2515; x_wconf 75' lang='lat' dir='ltr'>a</span> 
     </span>
    </p>

    <p class='ocr_par' dir='ltr' id='par_1_9' title="bbox 68 2540 1183 2975">
     <span class='ocr_line' id='line_1_27' title="bbox 68 2540 1148 2618; baseline 0.004 -20"><span class='ocrx_word' id='word_1_185' title='bbox 68 2541 242 2618; x_wconf 74' lang='lat' dir='ltr'>sequidem</span> <span class='ocrx_word' id='word_1_186' title='bbox 272 2542 351 2601; x_wconf 89' lang='lat' dir='ltr'>ratio</span> <span class='ocrx_word' id='word_1_187' title='bbox 381 2544 498 2600; x_wconf 89' lang='lat' dir='ltr'>mutata</span> <span class='ocrx_word' id='word_1_188' title='bbox 528 2560 596 2600; x_wconf 89' lang='lat' dir='ltr'>cum</span> <span class='ocrx_word' id='word_1_189' title='bbox 625 2540 809 2617; x_wconf 89' lang='lat' dir='ltr'>temporibus</span> <span class='ocrx_word' id='word_1_190' title='bbox 837 2543 883 2600; x_wconf 90' lang='lat' dir='ltr'>est</span> <span class='ocrx_word' id='word_1_191' title='bbox 906 2543 1033 2617; x_wconf 87' lang='lat' dir='ltr'>saepius.</span> <span class='ocrx_word' id='word_1_192' title='bbox 1077 2561 1148 2618; x_wconf 79' lang='lat' dir='ltr'>par·</span> 
     </span>
     <span class='ocr_line' id='line_1_28' title="bbox 122 2626 1148 2705; baseline 0.003 -15"><span class='ocrx_word' id='word_1_193' title='bbox 122 2631 240 2691; x_wconf 77' lang='lat' dir='ltr'>sissimo</span> <span class='ocrx_word' id='word_1_194' title='bbox 264 2650 299 2691; x_wconf 92' lang='lat' dir='ltr'>ea</span> <span class='ocrx_word' id='word_1_195' title='bbox 321 2635 435 2690; x_wconf 83' lang='lat' dir='ltr'>veteres</span> <span class='ocrx_word' id='word_1_196' title='bbox 459 2633 507 2690; x_wconf 88' lang='lat' dir='ltr'>usi</span> <span class='ocrx_word' id='word_1_197' title='bbox 531 2633 622 2689; x_wconf 82' lang='lat' dir='ltr'>etiam</span> <span class='ocrx_word' id='word_1_198' title='bbox 645 2632 677 2688; x_wconf 89' lang='lat' dir='ltr'>in</span> <span class='ocrx_word' id='word_1_199' title='bbox 700 2629 863 2705; x_wconf 86' lang='lat' dir='ltr'>vocalibus,</span> <span class='ocrx_word' id='word_1_200' title='bbox 887 2649 954 2690; x_wconf 91' lang='lat' dir='ltr'>cum</span> <span class='ocrx_word' id='word_1_201' title='bbox 967 2626 1083 2690; x_wconf 53' lang='lat' dir='ltr'>‘aedos</span> <span class='ocrx_word' id='word_1_202' title='bbox 1106 2635 1148 2693; x_wconf 89' lang='lat' dir='ltr'>ir-</span> 
     </span>
     <span class='ocr_line' id='line_1_29' title="bbox 122 2716 1148 2797; baseline 0.002 -17"><span class='ocrx_word' id='word_1_203' title='bbox 122 2716 242 2797; x_wconf 89' lang='lat' dir='ltr'>cosque&#39;</span> <span class='ocrx_word' id='word_1_204' title='bbox 268 2720 415 2779; x_wconf 89' lang='lat' dir='ltr'>dicebant.</span> <span class='ocrx_word' id='word_1_205' title='bbox 439 2721 491 2778; x_wconf 89' lang='lat' dir='ltr'>diu</span> <span class='ocrx_word' id='word_1_206' title='bbox 510 2720 616 2779; x_wconf 88' lang='lat' dir='ltr'>deinde</span> <span class='ocrx_word' id='word_1_207' title='bbox 634 2722 828 2793; x_wconf 83' lang='lat' dir='ltr'>reservatum,</span> <span class='ocrx_word' id='word_1_208' title='bbox 851 2739 889 2778; x_wconf 89' lang='lat' dir='ltr'>ne</span> <span class='ocrx_word' id='word_1_209' title='bbox 908 2721 1148 2782; x_wconf 82' lang='lat' dir='ltr'>consonantibus</span> 
     </span>
     <span class='ocr_line' id='line_1_30' title="bbox 123 2804 1149 2886; baseline 0.004 -18"><span class='ocrx_word' id='word_1_210' title='bbox 123 2809 320 2886; x_wconf 84' lang='lat' dir='ltr'>adspirarent,</span> <span class='ocrx_word' id='word_1_211' title='bbox 352 2813 386 2868; x_wconf 92' lang='lat' dir='ltr'>ut</span> <span class='ocrx_word' id='word_1_212' title='bbox 415 2811 447 2868; x_wconf 91' lang='lat' dir='ltr'>in</span> <span class='ocrx_word' id='word_1_213' title='bbox 479 2805 622 2869; x_wconf 82' lang='lat' dir='ltr'>‘Graccis&#39;</span> <span class='ocrx_word' id='word_1_214' title='bbox 654 2811 685 2868; x_wconf 87' lang='lat' dir='ltr'>et</span> <span class='ocrx_word' id='word_1_215' title='bbox 713 2804 884 2884; x_wconf 81' lang='lat' dir='ltr'>‘triumpis’.</span> <span class='ocrx_word' id='word_1_216' title='bbox 931 2811 1031 2884; x_wconf 86' lang='lat' dir='ltr'>erupit</span> <span class='ocrx_word' id='word_1_217' title='bbox 1060 2809 1149 2872; x_wconf 85' lang='lat' dir='ltr'>bravi</span> 
     </span>
     <span class='ocr_line' id='line_1_31' title="bbox 121 2894 1183 2975; baseline 0.006 -17"><span class='ocrx_word' id='word_1_218' title='bbox 121 2903 255 2975; x_wconf 88' lang='lat' dir='ltr'>temporo</span> <span class='ocrx_word' id='word_1_219' title='bbox 273 2900 383 2958; x_wconf 89' lang='lat' dir='ltr'>nimius</span> <span class='ocrx_word' id='word_1_220' title='bbox 402 2917 482 2973; x_wconf 90' lang='lat' dir='ltr'>usus,</span> <span class='ocrx_word' id='word_1_221' title='bbox 501 2901 538 2957; x_wconf 91' lang='lat' dir='ltr'>ut</span> <span class='ocrx_word' id='word_1_222' title='bbox 552 2894 710 2958; x_wconf 83' lang='lat' dir='ltr'>‘choronae</span> <span class='ocrx_word' id='word_1_223' title='bbox 725 2898 932 2957; x_wconf 88' lang='lat' dir='ltr'>chenturiones</span> <span class='ocrx_word' id='word_1_224' title='bbox 946 2898 1146 2974; x_wconf 88' lang='lat' dir='ltr'>praechones&#39;</span> <span class='ocrx_word' id='word_1_225' title='bbox 1160 2921 1183 2963; x_wconf 78' lang='lat' dir='ltr'>es</span> 
     </span>
    </p>
   </div>
   <div class='ocr_carea' id='block_1_3' title="bbox 194 3087 650 3154">
    <p class='ocr_par' dir='ltr' id='par_1_10' title="bbox 194 3087 650 3154">
     <span class='ocr_line' id='line_1_32' title="bbox 194 3087 650 3154; baseline -0.002 -13"><span class='ocrx_word' id='word_1_226' title='bbox 194 3087 316 3141; x_wconf 75' lang='lat' dir='ltr'>1aAen.</span> <span class='ocrx_word' id='word_1_227' title='bbox 337 3094 360 3154; x_wconf 91' lang='lat'>1,</span> <span class='ocrx_word' id='word_1_228' title='bbox 380 3094 395 3141; x_wconf 86' lang='lat' dir='ltr'>e</span> <span class='ocrx_word' id='word_1_229' title='bbox 415 3119 450 3128; x_wconf 88' lang='lat'>-</span> <span class='ocrx_word' id='word_1_230' title='bbox 470 3093 504 3140; x_wconf 82' lang='lat' dir='ltr'>ao</span> <span class='ocrx_word' id='word_1_231' title='bbox 522 3088 552 3141; x_wconf 80' lang='lat' dir='ltr'>ib</span> <span class='ocrx_word' id='word_1_232' title='bbox 573 3093 596 3153; x_wconf 91' lang='lat'>1,</span> <span class='ocrx_word' id='word_1_233' title='bbox 616 3092 650 3140; x_wconf 79' lang='lat'>45</span> 
     </span>
    </p>
   </div>
   <div class='ocr_carea' id='block_1_4' title="bbox 100 3247 1153 3592">
    <p class='ocr_par' dir='ltr' id='par_1_11' title="bbox 100 3247 1153 3592">
     <span class='ocr_line' id='line_1_33' title="bbox 195 3247 1150 3321; baseline 0.003 -18"><span class='ocrx_word' id='word_1_234' title='bbox 195 3255 209 3303; x_wconf 94' lang='lat'>1</span> <span class='ocrx_word' id='word_1_235' title='bbox 234 3248 439 3303; x_wconf 86' lang='lat' dir='ltr'>detractionem</span> <span class='ocrx_word' id='word_1_236' title='bbox 458 3247 647 3303; x_wconf 86' lang='lat' dir='ltr'>adiectionem</span> <span class='ocrx_word' id='word_1_237' title='bbox 671 3249 714 3302; x_wconf 82' lang='lat' dir='ltr'>del</span> <span class='ocrx_word' id='word_1_238' title='bbox 737 3248 869 3303; x_wconf 78' lang='lat' dir='ltr'>Kiderlin</span> <span class='ocrx_word' id='word_1_239' title='bbox 961 3252 994 3301; x_wconf 91' lang='lat'>10</span> <span class='ocrx_word' id='word_1_240' title='bbox 1017 3247 1150 3321; x_wconf 82' lang='lat' dir='ltr'>Europai</span> 
     </span>
     <span class='ocr_line' id='line_1_34' title="bbox 121 3319 1150 3392; baseline 0.004 -18"><span class='ocrx_word' id='word_1_241' title='bbox 121 3324 151 3374; x_wconf 88' lang='lat' dir='ltr'>et</span> <span class='ocrx_word' id='word_1_242' title='bbox 176 3319 256 3373; x_wconf 89' lang='lat' dir='ltr'>Asiai</span> <span class='ocrx_word' id='word_1_243' title='bbox 284 3320 393 3375; x_wconf 75' lang='lat' dir='ltr'>Osann:</span> <span class='ocrx_word' id='word_1_244' title='bbox 422 3335 527 3389; x_wconf 89' lang='lat' dir='ltr'>europa</span> <span class='ocrx_word' id='word_1_245' title='bbox 552 3319 606 3374; x_wconf 90' lang='lat' dir='ltr'>lais</span> <span class='ocrx_word' id='word_1_246' title='bbox 632 3319 659 3374; x_wconf 93' lang='lat' dir='ltr'>ei</span> <span class='ocrx_word' id='word_1_247' title='bbox 685 3330 708 3372; x_wconf 77' lang='grc' dir='ltr'><em>Α</em></span> <span class='ocrx_word' id='word_1_248' title='bbox 735 3335 857 3388; x_wconf 90' lang='lat' dir='ltr'>europae</span> <span class='ocrx_word' id='word_1_249' title='bbox 883 3319 960 3373; x_wconf 78' lang='lat' dir='ltr'>asiae</span> <span class='ocrx_word' id='word_1_250' title='bbox 983 3328 1012 3371; x_wconf 81' lang='lat' dir='ltr'><em>B</em></span> <span class='ocrx_word' id='word_1_251' title='bbox 1038 3335 1150 3392; x_wconf 85' lang='lat' dir='ltr'>europa</span> 
     </span>
     <span class='ocr_line' id='line_1_35' title="bbox 122 3389 1153 3460; baseline 0.003 -15"><span class='ocrx_word' id='word_1_252' title='bbox 122 3392 180 3446; x_wconf 82' lang='lat' dir='ltr'>asie</span> <span class='ocrx_word' id='word_1_253' title='bbox 200 3401 227 3445; x_wconf 85' lang='lat' dir='ltr'><em>P</em></span> <span class='ocrx_word' id='word_1_254' title='bbox 298 3397 330 3445; x_wconf 90' lang='lat'>11</span> <span class='ocrx_word' id='word_1_255' title='bbox 352 3390 573 3460; x_wconf 75' lang='grc' dir='ltr'><strong><em>ἐπισυναλοιφήν</em></strong></span> <span class='ocrx_word' id='word_1_256' title='bbox 588 3392 668 3446; x_wconf 82' lang='lat' dir='ltr'>Birt:</span> <span class='ocrx_word' id='word_1_257' title='bbox 688 3389 845 3459; x_wconf 75' lang='grc' dir='ltr'><strong><em>συναλιφήν</em></strong></span> <span class='ocrx_word' id='word_1_258' title='bbox 919 3396 952 3444; x_wconf 74' lang='lat'>12</span> <span class='ocrx_word' id='word_1_259' title='bbox 972 3389 1107 3447; x_wconf 79' lang='lat' dir='ltr'>dicamus</span> <span class='ocrx_word' id='word_1_260' title='bbox 1122 3404 1153 3448; x_wconf 80' lang='lat' dir='ltr'><em>B</em></span> 
     </span>
     <span class='ocr_line' id='line_1_36' title="bbox 120 3463 1151 3523; baseline 0.008 -8"><span class='ocrx_word' id='word_1_261' title='bbox 120 3481 254 3517; x_wconf 80' lang='lat' dir='ltr'>nocemus</span> <span class='ocrx_word' id='word_1_262' title='bbox 274 3472 302 3516; x_wconf 85' lang='lat' dir='ltr'><em>P</em></span> <span class='ocrx_word' id='word_1_263' title='bbox 379 3468 411 3516; x_wconf 82' lang='lat'>19</span> <span class='ocrx_word' id='word_1_264' title='bbox 431 3465 464 3517; x_wconf 92' lang='lat' dir='ltr'>ut</span> <span class='ocrx_word' id='word_1_265' title='bbox 482 3481 525 3518; x_wconf 75' lang='lat' dir='ltr'>ons</span> <span class='ocrx_word' id='word_1_266' title='bbox 543 3473 595 3516; x_wconf 80' lang='lat' dir='ltr'>AB</span> <span class='ocrx_word' id='word_1_267' title='bbox 677 3469 709 3515; x_wconf 83' lang='lat'>21</span> <span class='ocrx_word' id='word_1_268' title='bbox 731 3463 781 3516; x_wconf 88' lang='lat' dir='ltr'>scd</span> <span class='ocrx_word' id='word_1_269' title='bbox 800 3479 843 3517; x_wconf 86' lang='lat' dir='ltr'>om</span> <span class='ocrx_word' id='word_1_270' title='bbox 860 3472 889 3515; x_wconf 82' lang='lat' dir='ltr'><em>B</em></span> <span class='ocrx_word' id='word_1_271' title='bbox 967 3463 1151 3523; x_wconf 73' lang='lat' dir='ltr'>radicanda</span> 
     </span>
     <span class='ocr_line' id='line_1_37' title="bbox 100 3533 1031 3592; baseline 0 -6"><span class='ocrx_word' id='word_1_272' title='bbox 100 3541 136 3580; x_wconf 76' lang='lat' dir='ltr'><em>B</em></span> <span class='ocrx_word' id='word_1_273' title='bbox 207 3537 418 3590; x_wconf 78' lang='lat' dir='ltr'>25notata1’</span> <span class='ocrx_word' id='word_1_274' title='bbox 489 3541 523 3591; x_wconf 73' lang='lat'>28</span> <span class='ocrx_word' id='word_1_275' title='bbox 544 3537 690 3592; x_wconf 80' lang='lat' dir='ltr'>servatum</span> <span class='ocrx_word' id='word_1_276' title='bbox 709 3545 732 3587; x_wconf 79' lang='grc' dir='ltr'><strong><em>Α</em></strong></span> <span class='ocrx_word' id='word_1_277' title='bbox 803 3540 837 3587; x_wconf 63' lang='lat' dir='ltr'>ab</span> <span class='ocrx_word' id='word_1_278' title='bbox 857 3533 988 3588; x_wconf 80' lang='lat' dir='ltr'>atiutr.</span> <span class='ocrx_word' id='word_1_279' title='bbox 1008 3544 1031 3586; x_wconf 72' lang='lat' dir='ltr'><strong><em>A</em></strong></span> 
     </span>
    </p>
   </div>
   <div class='ocr_carea' id='block_1_5' title="bbox 0 0 1234 3854">
    <p class='ocr_par' dir='ltr' id='par_1_12' title="bbox 0 0 1234 3854">
     <span class='ocr_line' id='line_1_38' title="bbox 0 0 1234 3854; baseline 0 1"><span class='ocrx_word' id='word_1_280' title='bbox 0 0 1234 3854; x_wconf 95' lang='lat' dir='ltr'> </span> 
     </span>
    </p>
   </div>
  </div>
 </body>
</html>
