2460 3854
160 129 201 193 10
461 127 690 195 QVINTILIANI
706 127 798 182 mss.
819 128 875 182 OR.

104 298 141 352 15
224 297 352 367 Quidam
375 298 485 358 litteris
504 298 713 371 instituendos,
737 299 789 373 001
807 299 937 356 minores
957 299 1072 374 septem
1090 299 1179 357 annis

157 390 264 461 essent,
295 407 356 448 non
384 390 576 463 putaverunt,
609 387 688 462 quod
718 387 772 445 illa
801 387 932 462 primum
963 389 1046 446 aetas
1075 390 1106 446 01
1133 389 1180 446 10-

156 477 311 536 tellectum
334 477 562 553 disciplinamm
585 495 690 552 capere
714 478 744 534 et
767 476 901 535 laborem
923 478 989 550 pati
1011 480 1122 552 posset.
1146 476 1180 534 in

157 563 217 642 000
247 566 396 626 sententia
418 565 584 626 Hesiodum
614 584 677 625 esse
707 565 832 641 plurimi
863 564 995 639 tradunt,
1026 567 1079 642 qui
1109 568 1180 624 ante

157 657 387 733 grammaticum
405 655 630 730 Aristophanen
652 655 782 713 fuerunt.
809 673 880 713 nam
902 654 928 713 is
952 656 1084 729 primum
1103 651 1179 714 ὑπο·
1207 678 1216 718 c

157 742 266 820 θήκας,
293 747 325 802 10
349 764 407 819 000
431 745 507 804 libro
531 744 677 820 scriptum
699 745 755 802 hoe
777 740 941 818 invenitur,
968 743 1092 823 negavit
1116 763 1181 804 0000

105 832 143 886 11
157 833 245 893 huius
273 837 388 909 poetae.
430 834 481 893 001
509 834 562 891 alii
590 851 708 909 quoquc
732 835 877 908 auctores,
905 833 983 892 inter
1007 851 1081 908 quos
1105 834 1180 893 Era·

156 923 317 997 tostheues,
347 923 427 982 idem
448 926 672 999 praeceperunt.
713 922 821 981 melius
846 923 955 997 autem,
985 924 1040 997 qui
1063 923 1182 981 nullum

156 1015 275 1087 tempus
299 1030 406 1071 vacare
425 1030 497 1071 cura
514 1012 630 1086 volunt,
652 1015 687 1070 01
707 1009 900 1088 Chrysippus.
924 1030 995 1069 nam
1012 1013 1048 1084 is,
1073 1031 1181 1087 quam-

156 1102 201 1160 vis
232 1101 400 1160 nutricibus
429 1102 595 1160 triennium
625 1101 748 1175 dederit,
780 1104 882 1159 tamen
910 1100 1033 1159 abillis
1058 1120 1218 1177 quoquere

156 1191 218 1249 iam
241 1191 429 1248 formandam
449 1210 541 1266 quam
559 1191 681 1267 optimis
701 1189 849 1249 institutis
868 1192 999 1248 mentem
1016 1190 1181 1250 infantium

105 1277 280 1339 171011001.
323 1282 500 1338 curantem
523 1299 582 1339 non
604 1281 756 1355 pertineat
780 1278 818 1337 ad
841 1280 959 1338 litteras
984 1283 1076 1353 aetas,
1102 1299 1180 1356 quae

158 1369 196 1426 01
224 1388 320 1428 mores
348 1370 410 1427 iam
436 1367 586 1446 pertinet?
623 1388 720 1444 00000
746 1369 852 1446 ignoro
880 1371 945 1427 toto
968 1368 1031 1442 1110,
1059 1367 1096 1427 10
1121 1389 1180 1445 000

157 1460 272 1533 loquor,
295 1461 432 1534 tempore
451 1461 502 1517 vix
525 1461 644 1517 tantum
668 1457 755 1534 effici,
779 1460 926 1532 quantum
949 1458 1082 1516 conferre
1101 1479 1180 1518 unus

156 1549 263 1623 postea
293 1549 390 1623 000011
418 1567 527 1622 00000,
559 1547 610 1606 001
637 1550 739 1606 tamen
766 1546 854 1622 mibi,
887 1549 941 1622 qui
968 1546 1181 1623 dissenserunt,
1196 1571 1218 1609 15

156 1636 297 1695 videntur
315 1655 376 1695 non
394 1639 459 1696 tam
477 1636 659 1697 discentibus
678 1637 709 1694 in
728 1636 784 1696 hac
797 1638 884 1711 parte
899 1655 990 1711 quam
1004 1636 1180 1697 docentibus

104 1729 141 1784 18
155 1728 331 1802 pepercisse.
356 1726 427 1802 quid
451 1727 557 1785 melius
582 1726 697 1802 alioqui
715 1725 835 1800 facient,
859 1744 893 1784 ex
912 1745 971 1802 000
991 1725 1077 1801 10001
1094 1728 1181 1802 pote-

156 1818 228 1873 runt
246 1807 376 1895 (faciant
394 1817 474 1874 enim
493 1815 607 1891 aliquid
625 1834 744 1874 0000000
763 1807 844 1895 est)?
869 1817 922 1873 001
940 1833 993 1873 eur
1010 1815 1067 1874 boc
1086 1836 1180 1892 quan-

156 1905 380 1980 tulumcumque
410 1908 456 1964 cst
484 1924 579 1980 00000
610 1905 648 1963 01
678 1908 793 1979 septem
823 1923 916 1963 00000
946 1905 1064 1962 lucrum
1093 1905 1180 1964 fasti-

157 1992 294 2053 diamus?
317 2013 388 2052 nam
411 1996 490 2053 certe
514 1993 680 2070 quamlibet
699 2013 827 2069 parvum
846 1995 895 2068 sit,
920 1993 999 2069 quod
1019 1995 1218 2056 contuleritis

158 2086 240 2142 00100
270 2085 361 2160 prior,
394 2084 508 2142 maiora
537 2086 638 2142 tamen
668 2083 771 2159 aliqua
801 2082 897 2141 discet
924 2101 1000 2157 puer
1029 2085 1096 2159 1000
1127 2085 1181 2143 1110

104 2175 244 2246 1110000,
268 2192 327 2247 000
350 2175 468 2232 minora
490 2173 651 2232 didicisset.
674 2172 730 2231 boc
753 2191 807 2247 per
830 2172 964 2250 singulos
983 2177 1181 2252 prorogatum

156 2264 189 2320 in
208 2281 356 2321 summam
373 2262 500 2338 proficit,
524 2264 562 2337 01,
586 2265 733 2339 quantum
752 2263 784 2320 in
802 2262 934 2320 infantia
952 2265 1182 2338 praesumptum

157 2354 203 2410 001
234 2353 392 2427 temporis,
426 2351 648 2412 adulescentiae
682 2351 859 2427 adquiritur.
906 2351 986 2409 idem
1018 2354 1111 2414 etiam
1144 2353 1181 2412 de

157 2441 350 2516 sequentibus
381 2444 467 2500 annis
499 2444 694 2516 praeceptum
723 2442 775 2516 011,
805 2459 856 2513 00,
887 2441 968 2516 0001
998 2443 1106 2516 001000
1135 2442 1219 2504 11-00

156 2530 299 2588 scendum
330 2533 383 2605 est,
416 2550 481 2590 sero
515 2531 627 2590 discere
659 2530 793 2606 incipiat.
831 2548 890 2588 non
919 2548 989 2607 ergo
1020 2531 1180 2605 perdamus

156 2621 287 2694 primum
306 2622 411 2678 statim
429 2623 556 2695 tempus,
575 2621 667 2694 01000
686 2637 720 2678 00
739 2618 846 2695 minus,
866 2619 1051 2694 0001101110
1065 2619 1181 2680 littera·

156 2728 224 2766 rum
254 2709 318 2767 sola
346 2709 490 2768 memoria
518 2711 665 2781 constant,
695 2727 771 2783 quae
799 2727 860 2766 non
883 2709 971 2766 modo
995 2708 1056 2767 iam
1079 2712 1182 2769 estin

156 2800 267 2872 parvis,
291 2799 343 2856 sed
358 2802 432 2859 ,tum
455 2800 549 2858 ctiam
572 2800 765 2856 tenacissima
790 2801 843 2856 est.

101 2889 142 2948 20
223 2887 285 2946 Nec
309 2907 376 2946 sum
400 2888 473 2947 adeo
497 2889 644 2947 aetatium
665 2887 838 2962 inprudens,
860 2889 896 2945 ut
918 2887 1092 2946 instandum
1110 2909 1181 2964 pro·
1195 2916 1219 2956 ao

155 2979 237 3036 tinus
268 2979 378 3036 teneris
409 2977 513 3037 acerbe
540 2979 644 3053 putem
672 2976 906 3054 erigendamque
934 2977 1023 3052 01000
1047 2996 1181 3053 operam.

156 3085 226 3124 nam
253 3066 285 3124 id
312 3068 345 3124 in
372 3067 476 3143 primis
501 3085 606 3126 cavere
629 3066 787 3142 oportebit,
815 3085 853 3125 ne
876 3065 977 3125 studia
1001 3067 1054 3142 qui
1078 3087 1181 3128 amare

155 3156 287 3214 nondum
316 3158 424 3232 potest,
453 3156 551 3215 oderit
578 3158 609 3215 et
637 3154 868 3214 amaritudinem
891 3156 983 3214 semel
1005 3161 1182 3232 perceptam

228 3315 245 3361 4
264 3306 317 3378 frg.
340 3314 390 3361 113
411 3309 450 3362 az
470 3341 502 3348 -
524 3314 539 3361 9
559 3307 612 3379 frg.
634 3313 684 3360 733

230 3456 246 3503 5
265 3451 387 3519 primum
402 3461 437 3504 A:
456 3452 563 3520 primus
582 3453 633 3506 rell
697 3456 730 3504 22
750 3451 889 3520 singulos:
909 3466 998 3504 annos
1013 3453 1077 3506 add.
1092 3456 1182 3509 variis

144 3521 218 3572 loeti
232 3531 332 3575 συν
397 3529 430 3577 31
449 3523 569 3594 plenam
588 3539 705 3595 operam
723 3523 775 3577 edd
793 3524 927 3592 quaedam
