2460 3854
444 127 478 183 v.
499 133 540 194 13,
562 131 675 181 ra-aa.
998 129 1062 193 291

47 320 115 358 rum
142 318 244 358 rerum
274 297 441 357 differentia
472 299 573 372 potest
599 314 661 356 esse
692 297 861 356 manifesta.
893 296 962 356 illas
994 317 1064 357 vero

50 387 271 461 similitudines,
308 405 384 462 quae
421 385 569 444 ducuntur
606 405 641 444 ex
672 387 764 446 mutis
802 386 980 446 animalibus
1012 392 1064 447 aut

51 479 201 552 1101111110,
223 476 313 535 facile
335 479 380 535 est
403 475 530 534 eludere.
554 476 689 551 exempla
711 494 810 533 rerum
832 479 914 535 varie
932 478 1064 536 tractan-
1079 477 1118 534 24

53 567 89 625 da
111 569 191 638 sunt,
215 567 242 624 si
263 564 425 624 nocebunt:
448 582 525 641 quae
544 566 570 622 si
583 567 685 624 vetera
699 567 794 638 erunt,
817 565 953 623 fabulosa
968 565 1064 624 dicere

33 655 162 729 11100111,
184 657 212 714 si
228 653 364 728 indubia,
385 655 514 712 maxime
533 652 653 728 quidem
672 653 842 726 dissimilia,
865 673 961 729 neque
985 657 1064 712 enim

56 744 115 803 fieri
137 746 238 819 potest
260 745 295 801 ut
317 745 404 819 paria
427 744 488 802 sint
514 744 700 817 peremnia,
732 746 774 816 ut,
807 743 833 801 si
862 743 974 802 Nasica
996 747 1066 818 post

57 836 180 894 occisum
204 833 250 890 Ti.
274 831 439 891 Gracchum
463 831 640 890 defendatur
662 831 796 906 exemplo
820 832 944 906 Ahalae,
968 851 1065 908 aquo

57 921 177 982 Maelius
201 925 246 981 est
259 921 442 995 interfectus,
464 919 609 978 Maelium
627 921 713 997 regni
732 920 943 979 adfectatorem
964 923 1065 996 brisso,

60 1031 74 1068 a
93 1010 226 1070 Graccho
250 1011 330 1087 leges
357 1009 446 1068 modo
469 1009 548 1069 latas
571 1027 632 1067 esse
655 1010 818 1084 popularis,
846 1009 976 1068 Ahalam
1003 1029 1064 1068 ma·

32 1100 179 1176 registrum
210 1102 345 1175 equitum
373 1099 473 1173 fuisse,
500 1097 643 1158 Nasicam
669 1101 822 1173 privatum
851 1117 913 1158 esse
940 1099 1064 1158 dicatur.

61 1189 255 1248 sidefecerint
269 1190 377 1262 omnia,
391 1191 456 1246 tum
465 1187 625 1246 videndum
640 1190 706 1262 erit,
721 1206 759 1245 an
774 1189 902 1262 optineri
911 1188 1016 1263 possit,
1029 1207 1066 1246 ne

60 1278 127 1337 illud
150 1278 270 1354 quidem
293 1279 373 1336 recte
395 1277 517 1337 factum.
542 1276 621 1351 quod
645 1276 680 1334 de
704 1278 854 1352 exemplis,
877 1276 955 1334 idem
975 1279 1066 1335 etiam

61 1366 89 1425 de
110 1367 253 1426 iudicatis
277 1366 501 1426 observandum.

118 1456 204 1526 Quod
241 1458 343 1514 autem
377 1456 472 1530 posui,
504 1454 622 1529 referre,
658 1473 717 1530 quo
750 1455 879 1530 quidque
913 1458 1067 1514 accusator
1081 1455 1120 1510 25

35 1561 52 1602 11
61 1546 141 1606 nodo
156 1546 274 1618 dixerit,
296 1545 355 1603 huc
377 1545 515 1620 pertinet,
539 1547 582 1617 ut,
605 1546 631 1602 si
649 1547 694 1603 est
712 1546 809 1602 minus
828 1544 989 1602 efficaciter
1007 1544 1065 1602 elo·

61 1639 147 1708 cutus,
184 1637 252 1710 ipsa
279 1636 342 1693 eius
370 1632 460 1692 verba
491 1635 655 1708 ponantur:
693 1633 718 1690 si
748 1635 811 1692 acri
842 1636 873 1692 et
901 1634 1068 1692 vehementi

59 1723 237 1783 1101111100
261 1725 409 1796 oratione,
438 1721 562 1780 eandem
589 1742 651 1780 rem
678 1724 788 1781 nostris
816 1722 913 1782 verbis
940 1725 1067 1781 mitiori-

10 1806 12 1825 '
59 1811 106 1873 bus
129 1813 324 1889 proferamus,
354 1815 389 1872 ut
418 1811 520 1870 Oicero
549 1811 584 1870 de
614 1809 750 1870 Cornelio
780 1806 923 1870 ‘codicem
951 1806 1065 1889 attigit'
1082 1811 1121 1866 21

59 1905 84 1962 01
105 1903 245 1979 protinus
269 1919 336 1960 cum
360 1900 490 1976 quadam
513 1900 692 1973 defensione,
716 1904 760 1973 ut,
789 1903 816 1959 si
838 1920 892 1977 pro
916 1902 1067 1960 luxurioso

31 1990 212 2051 adicendum
236 1992 288 2049 sit:
320 1986 447 2049 ‘obiecta
477 1992 523 2048 est
552 1990 643 2065 paulo
666 1989 818 2048 liberalior
847 1986 930 2048 vita'.
964 1992 1006 2049 sic
1038 1992 1068 2047 et

58 2100 107 2156 pro
131 2078 252 2139 sordido
275 2097 407 2154 parcum,
434 2097 488 2154 pro
511 2078 657 2137 maledico
680 2079 807 2137 liberum
835 2078 930 2137 dicere
957 2078 1067 2136 licebit.

57 2173 158 2246 utique
198 2187 360 2244 numquam
398 2168 643 2227 committendum
674 2170 731 2242 est,
762 2170 797 2226 ut
830 2168 1068 2227 adversariorum
1083 2169 1119 2224 27

57 2258 136 2318 diota
167 2277 234 2316 cum
262 2277 318 2317 sua
345 2257 568 2316 confirmatione
599 2257 770 2331 referamus,
804 2261 855 2315 aut
887 2259 978 2315 etiam
1010 2257 1068 2315 loci

57 2349 182 2407 alicuius
207 2348 392 2406 exsecutione
417 2347 598 2422 adiuvemus,
622 2349 681 2406 nisi
704 2366 771 2404 cum
794 2347 940 2404 eludenda
969 2350 1068 2404 erunt:

27 2449 45 2491 11
58 2433 149 2513 ‘apud
172 2437 333 2494 exercitum
351 2436 424 2494 mihi
444 2432 556 2512 fueris',
579 2439 687 2512 inquit,
712 2432 769 2494 ‘tot
788 2438 873 2494 annis
892 2436 991 2494 forum
1009 2454 1069 2494 non

56 2527 203 2603 attigeriS,
228 2525 337 2584 abieris
361 2527 424 2584 tam
453 2525 512 2598 diu,
541 2527 579 2600 et,
606 2545 674 2584 cum
701 2528 764 2583 tam
791 2526 880 2603 longo
908 2525 1068 2583 intervallo

55 2617 181 2687 veneris,
213 2631 281 2672 cum
308 2615 363 2689 his,
397 2617 450 2690 qui
476 2617 508 2670 in
536 2615 601 2672 foro
632 2614 821 2688 habitarunt,
854 2614 890 2672 de
922 2614 1069 2692 dignit-ate

55 2698 249 2764 contendas‘f'
280 2705 435 2778 praeterea
457 2705 490 2759 in
514 2702 796 2762 contradictionibus
823 2706 945 2762 interim
971 2702 1122 2762 1011111128

56 2796 168 2852 crimen
192 2793 357 2868 exponitur,
390 2795 424 2850 ut
455 2790 556 2849 Cicero
586 2809 640 2864 pro
669 2789 780 2851 Scauro
808 2794 886 2851 circa
913 2792 1070 2852 Bostarem

16 2891 42 2939 10
55 2884 132 2941 facit
155 2881 251 2940 veluti
274 2884 440 2940 orationem
464 2879 596 2938 diversae
619 2882 714 2954 partis
737 2879 882 2957 imitatus,
905 2885 958 2941 aut
976 2882 1069 2956 pluri-

129 3057 161 3104 18
181 3050 428 3105 1101111011.
450 3081 482 3088 -
503 3053 536 3101 25
556 3046 611 3101 Cic.
631 3065 658 3115 p.
678 3047 748 3101 Mur.
770 3055 793 3116 9,
812 3056 845 3103 21

129 3234 144 3281 6
164 3229 316 3353 110111100εο
334 3239 357 3281 Α
374 3233 377 3296 Ι
393 3245 444 3298 per
463 3219 558 3281 omnia
576 3226 727 3296 Spalding:
745 3226 853 3295 optima
870 3237 898 3280 Β
915 3227 1008 3281 omnia
1022 3236 1073 3278 ΑΡ

130 3300 206 3355 rui.
258 3299 534 3356 nbc:T.Aomrell
608 3304 639 3351 11
660 3299 720 3351 turn
739 3309 817 3352 omn
892 3299 1069 3352 1ade1²ao=

55 3391 99 3428 om
118 3381 170 3424 ΑΒ
241 3377 274 3424 20
292 3371 407 3425 liberior
421 3372 459 3423 1²¹
531 3375 565 3422 24
585 3369 748 3423 adiuvemus
763 3370 796 3424 ed
810 3369 920 3440 Grypb:
934 3369 1068 3440 adiuvesl

56 3446 141 3499 erunt
159 3461 201 3498 om
219 3453 274 3496 BP
359 3447 392 3495 28
412 3443 447 3496 de
466 3439 736 3496 contradictionibus
754 3450 809 3493 BP
825 3441 855 3494 in
874 3440 1071 3495 contradictio-

56 3532 107 3569 nes
126 3524 149 3566 Α
222 3519 256 3568 30
275 3513 362 3567 veluti
381 3535 413 3566 a:
433 3513 510 3567 velut
528 3513 557 3566 in
576 3522 628 3565 AB
645 3511 722 3565 velut
740 3521 767 3564 P

879 3600 935 3656 hb*
