2460 3854
484 126 714 194 mmmm.
1041 126 1107 191 ml

85 300 139 356 tiis
165 297 289 372 quidem
311 299 469 372 poetarum
490 315 551 355 non
581 296 730 355 orationes
758 296 846 355 modo
874 300 945 355 sunt
971 297 1107 370 refertae,

89 387 139 446 sed
167 385 240 444 libri
270 385 362 444 etiam
390 385 645 460 philosophorum,
675 385 728 461 qui
757 405 938 461 quamquam
965 387 1108 444 inferiora

90 476 192 534 omnia
214 475 382 551 praeceptis
405 477 467 532 suis
490 493 525 533 ac
547 474 657 533 litteris
680 474 817 548 credunt,
846 477 979 550 repetere
1007 476 1108 533 tamen

93 566 305 623 auctoritatem
328 582 347 621 a
369 564 507 639 plurimis
530 562 665 622 versibus
687 583 747 622 non
774 563 974 622 fastidierunt.
1012 582 1107 638 neque
1121 562 1166 619 40

72 657 135 714 sest
158 652 293 730 ignobile
317 652 493 727 exemplum,
525 652 673 729 Megarios
701 652 738 711 ab
768 652 1010 726 Atheniensibus,
1042 671 1109 710 cum

95 743 126 802 de
146 741 300 801 Salamine
320 741 540 815 contenderent,
562 743 658 800 victos
676 741 800 800 Homeri
817 761 914 815 versu,
938 744 990 818 qui
1007 744 1109 800 tamen

94 833 155 907 ipse
178 850 241 890 non
263 831 401 889 inomni
428 830 559 888 editione
588 833 745 906 reperitur,
773 830 957 908 significum,
985 829 1108 889 Aiacem

96 939 182 979 naves
207 937 277 978 suas
299 918 531 978 Atheniensibus
554 919 692 979 iunxisse.
717 939 752 978 ea
775 939 902 996 quoque,
926 939 1003 995 quae
1017 920 1108 997 vulgo
1124 918 1161 974 41

95 1012 215 1085 recepta
237 1011 316 1082 sunt,
342 1008 398 1066 hoc
425 1010 501 1083 ipsc,
530 1008 610 1083 quod
636 1011 784 1068 incertum
812 1011 964 1068 auctorem
989 1008 1109 1084 habent,

67 1099 175 1158 ovelut
199 1099 336 1157 omnium
358 1095 442 1170 fiunt,
466 1097 553 1173 quale
578 1099 636 1155 est:
660 1092 724 1156 ‘ubi
747 1095 857 1156 amici?
881 1096 932 1155 ubi
955 1093 1048 1173 opes’,
1080 1100 1110 1155 et

97 1183 289 1247 ‘conscientia
307 1186 390 1244 mille
408 1181 521 1260 testes',
537 1190 567 1244 et
585 1187 667 1262 apud
686 1185 872 1246 Ciceronem:
888 1182 986 1263 ‘pares
1000 1189 1109 1261 autem,

96 1280 127 1336 ut
150 1279 196 1336 est
218 1278 252 1334 in
274 1277 375 1334 vetere
398 1274 563 1350 proverbio,
592 1295 658 1334 oum
681 1276 804 1351 paribus
832 1275 961 1334 maxime
989 1293 1110 1352 congre·

96 1359 233 1442 gantur'3
267 1382 363 1440 neque
396 1366 475 1422 enim
506 1364 665 1423 durassent
686 1364 760 1423 haec
790 1366 823 1422 in
856 1367 1019 1438 aeternum,
1050 1365 1111 1422 nisi

96 1474 164 1514 vera
188 1453 327 1512 omnibus
350 1452 530 1511 viderentur.
554 1454 677 1528 ponitur
700 1472 718 1511 a
741 1454 919 1529 quibusdam
942 1458 972 1512 et
991 1453 1111 1529 quidem
1124 1452 1167 1507 4⁶3

68 1544 125 1601 niu
147 1546 236 1620 parte
259 1543 357 1617 prima
381 1541 503 1600 deorum
528 1544 701 1613 auotoritas,
725 1562 801 1618 quae
825 1545 870 1602 est
893 1562 929 1601 ex
951 1544 1110 1617 responsis

96 1636 127 1692 ut
151 1629 307 1691 ‘Socraten
331 1649 393 1690 6666
417 1625 690 1706 sapientissimum'.
712 1632 744 1690 id
767 1651 868 1690 rarum
887 1634 945 1706 est,
968 1651 1028 1690 non
1047 1633 1111 1690 sine

95 1740 149 1780 usu
181 1724 293 1779 tamen.
324 1721 422 1779 utitur
451 1739 484 1779 6ο
510 1719 611 1779 Cicero
639 1721 671 1778 in
693 1720 771 1779 libro
804 1722 839 1779 de
867 1723 1037 1796 aruspicum
1066 1740 1110 1779 re·

96 1810 211 1887 sponsis
235 1812 266 1868 et
288 1811 321 1868 in
339 1811 477 1868 contione
496 1813 599 1868 contra
614 1808 784 1884 Catilinam,
808 1830 875 1869 oum
894 1813 1012 1888 signum
1030 1809 1111 1869 Iovis

96 1901 251 1958 columnae
275 1898 450 1975 impositum
472 1899 584 1974 populo
605 1899 743 1973 ostendit,
767 1902 798 1958 et
815 1919 870 1975 pro
888 1899 1020 1977 Ligario,
1044 1917 1112 1957 cum

63 2002 84 2046 ao
97 2008 218 2048 causam
243 1986 273 2046 Ο,
298 1987 432 2046 Caesaris
461 1988 626 2062 meliorem,
660 1990 730 2062 quia
759 1988 815 2047 hoc
845 1989 877 2046 di
905 1987 1111 2062 iudicaverint,

96 2079 261 2138 confitetur.
285 2095 361 2152 quae
385 2095 454 2135 oum
477 2080 600 2152 propria
623 2095 729 2135 causae
752 2081 830 2153 sunt,
854 2078 956 2136 divina
978 2077 1111 2136 testimo·

95 2169 147 2226 nia
169 2169 324 2240 vocantur,
353 2183 421 2223 cum
448 2166 566 2224 aliunde
596 2168 792 2242 arcessuntur,
821 2169 1006 2244 argumenta.
1039 2185 1111 2225 non·
1126 2164 1169 2220 la

94 2274 261 2331 numquam
285 2256 434 2330 contingit
455 2255 562 2315 iudicis
582 2274 701 2332 quoque
721 2258 775 2313 aut
793 2256 958 2315 adversarii
972 2258 1025 2313 aut
1039 2257 1112 2330 eius,

96 2346 147 2423 qui
173 2364 208 2403 ex
231 2345 349 2403 diverso
374 2344 448 2420 agit,
471 2344 585 2404 dictum
608 2344 730 2419 aliquod
753 2346 806 2403 aut
825 2347 938 2404 factum
958 2345 1112 2403 adsumere

55 2449 81 2496 as
97 2435 135 2494 ad
159 2453 270 2507 eorum,
301 2451 377 2508 quae
401 2432 590 2509 intendimus,
620 2433 716 2493 fidem.
744 2434 968 2510 propterquod
992 2433 1113 2492 suerunt

96 2525 152 2600 qui
175 2522 311 2598 exempla
340 2524 370 2580 et
392 2522 445 2582 has
475 2527 669 2585 auctoritates
698 2523 934 2582 inartificialium
961 2523 1112 2602 probatiof

96 2633 169 2671 num
193 2631 255 2671 esse
279 2611 504 2686 arbitrarentur,
528 2613 607 2689 quod
631 2632 666 2672 ea
688 2633 748 2672 non
771 2615 919 2673 inveniret
933 2615 1042 2687 orator,
1061 2611 1112 2671 sed

97 2701 255 2776 acciperet.
277 2701 440 2775 plurimum
464 2704 564 2760 autem
586 2703 689 2774 refert,
718 2723 788 2760 nam
815 2704 901 2761 testis
925 2704 955 2760 et
977 2701 1112 2777 quaestio
1126 2698 1168 2755 44

97 2796 128 2851 et
151 2790 198 2849 his
222 2790 333 2848 similia
347 2791 383 2848 de
407 2792 473 2866 ipsa
491 2810 532 2863 re,
556 2809 631 2866 quae
650 2792 682 2849 in
700 2792 811 2852 iudicio
831 2794 884 2864 est,
902 2791 1112 2866 pronuntiant:

54 2904 82 2944 eo
97 2883 183 2939 extra
201 2881 305 2955 petita,
323 2881 382 2939 nisi
401 2880 437 2938 ad
458 2878 591 2954 aliquam
607 2883 773 2954 praesentis
792 2879 1016 2955 disceptationis
1031 2880 1113 2938 utili-

96 2972 194 3028 tatem
216 2967 336 3046 ingenio
361 2969 558 3045 adplicantur,
581 2969 658 3027 nihil
680 2988 734 3044 per
757 2988 788 3028 se
810 2971 920 3030 valent.

96 3091 312 3100 ----—--·———

173 3136 1115 3206 numm-nmmaunwem-mmm

172 3301 350 3370 5Megarius
369 3299 458 3353 ΑΒΡ1
566 3304 600 3352 10
618 3298 668 3352 ubi
688 3297 784 3368 amici]
810 3297 851 3351 ibi
871 3298 955 3351 amici
976 3299 1014 3351 ι’1
1038 3300 1041 3360 Ι
1064 3297 1114 3351 ubi

100 3369 493 3443 0116614Ρ1ε11110116611Ρ2
601 3376 634 3424 16
659 3369 689 3422 id
712 3384 808 3423 earum
831 3373 874 3423 est
898 3386 955 3423 non
978 3370 1039 3424 sine
1061 3386 1115 3423 usu

99 3449 197 3500 tamen
215 3453 237 3495 A
257 3444 287 3496 id
305 3459 399 3497 rarum
419 3446 462 3497 est
480 3446 575 3498 tamen
594 3453 621 3496 Ρ
638 3443 735 3496 tamen
752 3441 811 3494 siae
829 3442 879 3495 rell
897 3451 924 3494 B
995 3446 1029 3494 20
1049 3457 1115 3494 cau-

100 3535 161 3571 sam
180 3533 223 3570 om
237 3524 288 3568 AB
360 3520 393 3568 24
412 3515 521 3584 aliquid
535 3524 557 3566 A
631 3519 664 3566 27
684 3511 823 3566 invenerit
838 3522 862 3564 Α
932 3517 967 3564 ‘ab
986 3512 1121 3581 delens
