2460 3854
385 142 420 198 V.
440 148 482 208 16,
503 148 652 197 111-166.
673 149 715 208 11,
736 148 813 197 1-6.
1038 143 1104 207 273

455 302 516 374 [on
535 302 737 374 assuerus]

151 400 205 460 XI.
230 401 364 460 Tertium
387 419 480 478 genus
498 420 533 460 ex
551 402 599 475 iis,
622 420 697 477 quae
717 403 897 460 extrinsecus
917 400 1105 461 adducuntur
1121 403 1137 458 1

85 493 117 549 in
154 509 286 564 causam,
319 489 426 550 Graeci
455 493 566 550 vocant
594 489 794 570 παράδειγμα,
831 508 890 565 quo
922 493 1042 550 nomine
1074 495 1104 550 61

88 579 267 658 generaliter
288 581 337 638 usi
359 582 430 640 sunt
451 581 484 637 in
507 581 589 639 omni
612 579 755 640 similium
778 579 965 655 adpositione
988 579 1019 638 61
1038 598 1103 656 spe-

67 669 207 729 scialiter
233 671 266 726 in
293 669 341 742 iis,
364 688 441 744 quae
462 687 562 726 rerum
584 672 736 745 gestarum
760 668 938 727 auctoritate
956 669 1102 727 nituntur.

89 760 183 817 nostri
205 758 268 816 fere
292 757 519 816 similitudinem
542 775 648 816 vocare
671 758 850 830 maluerunt,
878 757 958 832 quod
982 757 1018 816 ab
1041 759 1103 818 illis

91 843 252 924 (proprie)
271 845 426 926 παραβολή
446 847 563 919 dicitur,
582 847 638 904 hoc
657 846 784 905 alterum
803 847 979 922 exemplum,
999 866 1102 922 quam-

93 955 176 1010 quam
201 936 310 994 611166
333 936 430 994 simile
454 939 484 993 et
506 935 582 993 illud
605 936 780 1010 exemplum.
811 953 874 1009 nos,
903 955 961 1010 quo
984 937 1135 995 faciliusl

92 1026 275 1100 propositum
298 1025 486 1100 explicemus,
515 1027 675 1100 utrumque
697 1023 883 1104 παράδειγμα
911 1043 973 1084 esse
1002 1026 1101 1084 creda·

48 1133 151 1174 ¹umus
174 1116 206 1172 et
228 1113 289 1190 ipsi
311 1114 494 1189 appellemus
517 1114 692 1187 exemplum.
722 1131 776 1171 nec
804 1132 909 1173 vereor
936 1133 972 1172 ne
999 1115 1103 1172 videar

48 1198 50 1245 ἒ
91 1221 254 1280 repugnare
287 1200 435 1277 Ciceroni,
470 1221 650 1277 quamquam
682 1202 881 1262 conlationem
913 1205 1033 1277 separat
1064 1204 1102 1261 ab

93 1293 230 1368 exemplo.
253 1311 324 1349 nam
350 1292 430 1350 idem
462 1310 579 1349 omnem
609 1292 899 1370 argumentationem
929 1291 1039 1350 dividit
1070 1292 1102 1349 in

92 1380 159 1439 duas
183 1383 295 1456 partes,
324 1381 529 1440 inductionem
552 1383 582 1438 et
603 1380 877 1454 ratiocinationem,
905 1383 940 1438 ut
966 1380 1101 1456 plerique

93 1468 267 1529 Graecorum
290 1471 323 1526 in
352 1469 574 1548 παραδείγματα
600 1472 631 1528 61
658 1467 877 1549 ἐπιχειρήματα,
907 1469 1101 1546 dixeruntque

61 1577 81 1616 u
91 1558 271 1637 παράδειγμα
295 1556 454 1638 ῥητορικὴν
477 1556 641 1637 ἐπαγωγήν.
669 1577 740 1616 116111
762 1559 824 1632 illa,
853 1578 912 1634 qua
939 1560 1136 1633 plurimumll

92 1650 131 1706 est
149 1647 287 1707 Socrates
306 1666 386 1721 usus,
404 1649 482 1706 hanc
499 1646 607 1706 habuit
620 1650 710 1722 viam,
729 1642 805 1725 <ut>
820 1666 886 1706 cum
904 1648 992 1724 plura
1009 1649 1101 1706 inter-

91 1738 230 1814 rogasset,
263 1755 338 1811 quae
365 1737 453 1795 fateri
481 1737 650 1796 adversario
680 1755 797 1795 necesse
827 1739 911 1811 esset,
941 1738 1100 1796 novissime

91 1825 125 1900 id,
148 1827 184 1884 de
209 1844 268 1901 quo
292 1825 498 1900 quaerebatur,
530 1825 654 1884 inferret
682 1829 717 1884 ut
747 1827 843 1885 simile
868 1829 1022 1886 concessis.
1056 1821 1101 1906 [id

93 1917 132 1974 est
154 1915 299 1973 inductio.
322 1915 432 1974 hocin
457 1915 590 1974 oratione
620 1914 686 1973 fieri
713 1934 773 1974 non
802 1917 910 1989 potest,
940 1916 991 1975 sed
1023 1916 1101 1990 quod

55 2003 150 2062 scillic
173 2005 384 2081 interrogatur,
407 2004 456 2062 hic
478 2003 539 2062 fere
564 1997 714 2082 sumitur]
745 2003 785 2062 sit
807 2006 901 2080 igitur
927 2004 982 2062 illa
1009 2004 1137 2063 inter-4

91 2093 204 2170 rogatio
228 2092 314 2151 talis:
347 2088 439 2167 ‘quod
470 2097 515 2152 est
539 2111 660 2169 pomum
687 2091 967 2170 generosissimum?
1004 2113 1101 2152 nonne

91 2182 165 2257 quod
185 2176 364 2258 optimum?’
389 2181 574 2240 concedetur.
599 2177 705 2257 ‘quid‘l
729 2201 821 2258 equus
841 2184 893 2257 qui
912 2185 1101 2258 generosissi-

90 2270 174 2330 mus?
203 2289 300 2328 nonne
330 2272 381 2346 qui
405 2267 568 2346 optimus?’
599 2275 630 2330 61
652 2272 740 2346 plura
762 2273 795 2329 in
818 2272 944 2330 eundem
970 2271 1100 2330 modum.

90 2359 203 2434 deinde,
226 2360 310 2418 cuius
333 2360 377 2418 rei
400 2361 499 2436 gratia
521 2364 661 2438 rogatum
684 2366 742 2420 est:
766 2355 872 2436 ζ661111
896 2360 984 2419 homo
1003 2380 1100 2420 nonne

55 2449 111 2509 uis
139 2449 390 2527 generosissimus,
420 2450 472 2524 qui
500 2445 663 2525 optimus?'
695 2451 850 2509 fatendum
883 2452 948 2508 6111.
980 2451 1036 2509 hoc
1068 2452 1135 2508 1115

87 2539 208 2597 testium
232 2538 465 2615 interrogatione
487 2540 569 2599 valet
591 2541 762 2615 plurimum,
784 2540 817 2599 in
839 2541 973 2599 oratione
996 2558 1100 2614 perpe-

85 2631 139 2686 tua
162 2627 308 2686 dissimile
332 2631 388 2686 est:
419 2632 471 2687 aut
504 2632 582 2687 enim
611 2629 669 2687 sibi
700 2630 764 2704 ipse
794 2628 954 2703 respondet
986 2633 1100 2688 orator:

87 2712 180 2792 ‘quod
202 2734 325 2791 pomum
352 2715 633 2793 generosissimum?
664 2720 737 2791 puto
766 2718 846 2794 quod
878 2718 1036 2793 optimum:
1070 2721 1100 2776 et

85 2802 201 2880 equus?
234 2807 286 2880 qui
308 2806 525 2865 velocissimus:
547 2807 592 2863 ita
615 2805 768 2864 hominum
795 2826 855 2866 non
882 2809 935 2882 qui
962 2808 1099 2866 claritate

48 2901 71 2948 3⁰
84 2893 235 2968 nascendi,
259 2894 311 2952 sed
333 2897 386 2971 qui
408 2897 520 2954 virtute
543 2894 671 2952 maxime
695 2892 827 2954 excellet'
853 2915 869 2947 s
894 2915 910 2950 s
935 2915 951 2950 s

159 3088 191 3136 11
212 3081 253 3134 De
271 3081 325 3135 inv.
348 3089 370 3149 1,
391 3087 433 3148 30,
452 3052 486 3135 46

160 3249 173 3294 1
194 3242 309 3296 tertium
329 3244 372 3295 est
389 3260 416 3311 g.
436 3240 766 3311 11ΡΙ6116661111611Ρι
840 3249 853 3295 7
873 3243 986 3313 proprie
1000 3244 1100 3297 addidi

83 3316 117 3382 cf
133 3315 292 3368 1111666166,
312 3313 376 3380 περὶ
396 3314 465 3384 ἐπιχ.
481 3317 583 3381 12418,
603 3317 636 3365 29
657 3312 702 3382 Sp.
803 3317 819 3365 8
838 3316 878 3397 et]
898 3317 940 3368 est
962 3324 1040 3368 AB?
1057 3317 1100 3369 661

83 3389 114 3440 61
134 3386 216 3440 Valla
229 3386 282 3438 edd
355 3391 387 3438 16
406 3387 439 3437 ut
453 3386 510 3440 add
523 3385 635 3438 Badius
707 3388 740 3436 18
755 3400 893 3438 concessis
916 3387 1099 3440 Tdrrccblcdlc:

83 3456 257 3512 concessisse
273 3459 277 3527 l
293 3457 568 3511 66616666111616166
639 3461 673 3508 22
689 3455 857 3538 concedetur
870 3456 1020 3526 Spaldiup:
1034 3474 1099 3531 con-

73 3529 233 3584 ·cederetur
305 3533 339 3580 30
358 3527 722 3597 166666666616166166661
742 3525 882 3600 Spalding

131 3623 313 3670 ermmrvs
329 3626 365 3666 ed.
379 3627 610 3674 Radermacher.
626 3631 648 3674 Ι.
928 3619 971 3669 ἢ

508 3786 663 3816 μ
