2460 3854
117 128 165 191 64
423 124 651 190 QVINTIIAANI
668 123 760 183 INST.
781 123 838 178 OR.

116 298 266 372 quattuor
288 295 375 354 lineis
399 312 485 352 areae
504 294 628 352 faciunt.
651 293 684 352 id
703 296 729 352 si
747 296 921 369 computare
940 314 1033 370 quem
1052 295 1144 374 piget,

115 384 305 444 brevioribus
332 386 463 442 numeris
491 382 570 441 idem
597 383 701 442 discat.
738 401 810 440 nam
837 383 907 442 deni
933 385 967 441 in
996 385 1144 460 quadram

120 473 210 549 pedes
239 473 440 551 quadraginta
468 491 522 548 per
548 491 641 547 oram,
667 473 749 539 intra
777 475 895 531 centum
924 476 1023 532 erunt.
1064 478 1098 532 at
1120 475 1144 532 si

121 563 208 638 quini
234 562 303 620 deni
331 580 384 638 per
411 563 515 630 latera,
544 561 629 637 quini
651 562 683 618 in
706 561 804 620 fronte
827 562 896 636 sint,
924 581 959 620 ex
983 563 1039 622 illo
1066 563 1144 639 quod

61 651 106 708 44
121 653 343 728 amplectuntur
375 654 514 727 quartam
546 649 693 709 deducent
725 651 828 709 eodem
860 650 1077 711 circumducta.
1119 654 1173 714 sis

120 761 192 799 vero
224 739 352 816 porrecti
382 741 532 815 utrimque
561 740 739 798 undeviceni
768 741 895 817 singidis
926 741 1051 816 distent,
1084 760 1143 799 non

119 832 221 905 plures
240 830 321 887 intus
341 829 505 905 quadratos
524 829 684 903 habebunt,
708 847 799 904 quam
817 849 871 904 per
889 833 963 905 quot
981 829 1143 907 longitudo

120 919 257 977 ducetur:
281 937 358 994 quae
381 917 550 976 circumibit
573 922 673 976 autem
696 919 785 992 linea,
808 918 939 977 eiusdem
963 904 1060 995 spatii'
1078 922 1143 993 erit,

120 1010 205 1066 cuius
229 1026 273 1085 ea,
297 1026 373 1083 quae
397 1010 517 1066 centum
541 1008 682 1065 continet.
705 1009 750 1065 ita
768 1008 915 1083 quidquid
932 1008 1051 1067 formae
1070 1028 1143 1085 qua-

61 1097 202 1156 45111011
230 1096 401 1172 detraxeris,
431 1096 624 1171 amplitudini
651 1115 769 1172 quoque
797 1096 916 1171 peribit.
953 1116 1026 1174 ergo
1052 1099 1173 1161 0110100

119 1186 152 1243 11
180 1185 246 1243 fieri
272 1189 380 1261 potest,
408 1187 443 1242 ut
470 1187 583 1244 maiore
612 1187 738 1244 circuitu
765 1186 863 1244 minor
889 1187 950 1244 loci
972 1188 1141 1262 amplitudo

120 1275 266 1334 cludatur.
289 1275 362 1334 haec
376 1274 408 1331 in
426 1274 538 1349 planis,
562 1294 633 1332 nam
650 1276 682 1332 in
701 1275 827 1333 collibus
845 1275 1038 1351 vallibusque
1052 1278 1142 1335 etiam

61 1366 105 1421 46
121 1365 262 1439 imperito
291 1366 377 1439 patet
402 1365 471 1438 plus
500 1365 557 1422 soli
584 1383 646 1422 esse
674 1383 765 1440 quam
788 1364 871 1422 caeli.
908 1365 984 1441 quid
1007 1366 1091 1442 quod
1113 1385 1141 1425 00

120 1453 225 1511 eadem
249 1455 413 1530 geometria
435 1453 518 1512 tollit
538 1453 575 1511 ad
593 1455 741 1511 rationem
759 1472 853 1529 usque
871 1452 998 1512 mundi?
1020 1457 1055 1513 in
1074 1474 1140 1532 qua,

120 1560 189 1600 cum
217 1543 347 1600 siderum
375 1545 470 1601 001100
499 1545 736 1618 constitutosque
764 1561 866 1602 cursus
890 1545 1023 1603 numeris
1048 1545 1167 1618 (100010

120 1631 261 1689 discimus
294 1631 371 1688 nihil
403 1650 465 1690 esse
497 1632 701 1690 inordinatum
733 1635 823 1707 atque
855 1633 1029 1692 fortuitum:
1063 1633 1138 1711 quod

61 1722 104 1779 47
121 1722 222 1794 ipsum
241 1739 465 1796 nonnumquam
482 1723 631 1795 pertinere
650 1721 690 1779 ad
708 1724 857 1780 oratorem
875 1724 984 1797 potest.
1008 1741 1050 1781 an
1064 1742 1137 1796 vero,

120 1827 190 1867 cum
216 1808 346 1868 Pericles
369 1809 564 1868 Athenienses
592 1811 663 1870 solis
692 1810 898 1869 obscuratione
925 1813 1050 1872 territos
1077 1812 1135 1872 red-

120 1899 192 1957 ditis
222 1901 286 1956 eius
315 1901 359 1956 rei
389 1901 486 1958 causis
518 1903 599 1957 metu
628 1899 777 1972 liberavit,
811 1903 863 1958 aut
893 1919 960 1958 cum
989 1899 1134 1977 Sulpicius

119 1987 173 2046 ille
198 1986 301 2046 Gallus
324 1989 357 2046 in
381 1989 511 2048 exercitu
529 1988 562 2046 L.
582 1988 670 2047 Pauli
693 1988 729 2047 de
752 1989 842 2046 lunae
862 1988 1030 2049 defectione
1050 1991 1160 2050 disses

119 2079 190 2150 ruit,
210 2097 247 2136 ne
265 2078 348 2136 velut
365 2078 502 2154 prodigio
522 2078 667 2136 divinitus
686 2079 766 2136 10010
785 2079 918 2136 militum
937 2081 1033 2138 animi
1050 2082 1133 2139 terre·

61 2169 105 2226 48
120 2169 232 2240 rentur,
262 2185 322 2224 non
351 2167 471 2225 videtur
501 2185 564 2225 esse
593 2186 665 2226 usus
693 2169 821 2226 oratoris
850 2165 969 2227 officio?
1007 2170 1089 2245 quod
1113 2170 1134 2228 si

119 2256 223 2314 Nicias
242 2257 274 2312 in
294 2254 398 2314 Sicilia
416 2258 528 2329 scisset,
551 2275 611 2314 non
630 2257 732 2314 eodem
752 2257 891 2315 confusus
905 2259 991 2315 motu
1004 2259 1133 2333 pulcher-

119 2345 230 2402 rimum
260 2345 487 2403 Atheniensium
520 2346 680 2404 exercitum
712 2346 903 2421 perdidisset:
940 2348 1021 2406 sicut
1053 2348 1134 2421 Dion,

121 2452 191 2491 cum
214 2435 253 2492 ad
277 2434 484 2492 destruendam
508 2434 649 2510 Dionysii
671 2435 862 2510 tyrannidem
891 2438 983 2511 venit,
1010 2456 1074 2496 non
1096 2438 1159 2496 0010

119 2523 177 2580 1011
200 2541 271 2580 0000
294 2523 462 2582 deterritus
496 2525 557 2582 sint
579 2528 663 2582 extra
686 2526 756 2582 licet
774 2543 845 2582 usus
873 2525 983 2602 bellici,
1006 2529 1134 2586 transea-

120 2630 254 2686 musque,
277 2613 357 2687 quod
370 2611 563 2670 Archimedes
578 2632 654 2671 unus
669 2613 852 2672 obsidionem
872 2612 1090 2690 Syracusarum
1107 2617 1134 2673 in

59 2704 106 2761 49
119 2701 240 2778 longius
263 2703 369 2760 traxit:
399 2703 476 2760 illud
499 2704 602 2776 utique
625 2705 686 2760 iam
710 2705 865 2778 proprium
888 2703 927 2762 ad
950 2703 1135 2763 efficiendum

120 2790 202 2866 quod
229 2790 420 2863 intendimus,
447 2793 592 2866 plurimas
622 2794 820 2867 quaestiones,
850 2793 958 2868 quibus
988 2794 1135 2854 difficilior

121 2879 183 2938 alie
212 2879 329 2938 ratione
360 2881 519 2955 explicatio
550 2884 603 2954 est,
635 2884 672 2938 ut
699 2881 734 2952 de
764 2883 880 2953 ratione
907 2882 1073 2960 dividendi,
1103 2883 1162 2942 dea

120 2971 251 3027 sectione
270 2969 300 3026 in
320 2969 479 3044 infinitum,
503 2970 539 3028 de
559 2971 712 3043 celeritate
730 2971 876 3047 augenda,
896 2971 1061 3032 linearibus
1079 2972 1134 3032 illis

119 3058 348 3134 probationibus
371 3060 449 3118 solvi
471 3060 575 3134 solere,
603 3063 646 3134 ut,
675 3052 769 3118 01Ῑο01
793 3061 913 3135 0101011,
937 3062 1018 3137 quod
1042 3062 1135 3139 proxi·

120 3166 187 3206 mus
206 3148 422 3207 demonstrabit
440 3148 524 3222 liber,
548 3149 584 3206 de
603 3149 740 3208 omnibus
758 3149 845 3208 rebus
866 3150 1033 3226 dicendum,
1057 3152 1134 3211 nullo

120 3237 208 3295 modo
233 3239 295 3295 sine
319 3239 484 3315 geometria
508 3257 570 3296 esse
593 3240 688 3314 possit
711 3242 819 3297 orator.

193 3443 367 3510 2quadrum
387 3453 414 3494 P
510 3449 543 3496 22
562 3443 674 3497 videtur
699 3463 766 3497 usus
790 3461 850 3498 0000
869 3455 892 3497 A
929 3446 1063 3502 videntur
1080 3462 1135 3503 esse

111 3514 162 3566 usi
179 3523 204 3566 S
256 3519 292 3568 30
312 3514 459 3570 dividendi
478 3524 516 3570 P:
541 3515 657 3573 videndi
675 3525 701 3568 Β
718 3516 831 3570 vivendi
849 3527 872 3568 A
925 3522 958 3570 31
978 3519 1010 3572 in
1028 3537 1072 3575 cm
1090 3527 1137 3572 AB
