2460 3854
440 149 461 203 1
491 156 534 217 11,
552 155 648 205 a-1a.
673 155 716 218 12,
736 155 760 203 1.
1063 149 1105 212 67

93 320 233 394 oculique
257 319 293 376 ab
318 319 378 377 alia
400 321 532 394 corporis
555 319 749 378 inclinatione
772 318 945 378 dissideant.
964 337 1035 376 nam
1057 338 1107 376 ne-
1122 327 1158 382 17

94 428 151 484 que
174 409 248 466 haec
271 426 333 466 esse
352 408 384 465 in
401 411 487 484 parte
504 409 758 484 pronuntiationis
781 410 937 484 negaverit
950 408 1107 482 quisquam

93 517 191 572 neque
215 499 313 573 ipsam
326 497 601 572 pronuntiationem
619 497 657 554 ab
671 502 789 556 oratore
808 500 953 556 secernet:
976 499 1007 554 et
1020 499 1108 569 certe,

94 587 174 661 quod
193 586 291 644 facere
314 589 459 661 oporteat,
487 606 547 645 non
574 586 790 664 indignandum
818 590 864 645 est
894 586 1014 660 discere,
1042 605 1108 644 cum

73 676 272 751 spraesertim
295 675 368 733 haec
390 675 625 748 chironomia,
655 694 731 750 quae
755 678 801 733 est
823 667 870 754 (in
896 677 1016 733 nomine
1042 677 1137 750 ipso'
1206 669 1209 674 ’

95 756 278 844 declaratur)
302 765 349 821 lex
371 767 480 842 gestus,
504 767 534 822 et
556 764 594 821 ab
616 765 678 822 illis
697 764 880 839 temporibus
898 765 1024 823 heroicis
1043 766 1110 822 orta

96 856 134 912 sit
157 857 189 911 et
212 872 231 910 a
254 855 376 912 summis
399 851 540 912 Graeciae
562 853 635 912 viris
663 855 754 928 atque
776 855 841 928 ipso
865 855 957 911 etiam
988 852 1110 911 Socrate

95 943 231 1018 probata,
251 961 269 1000 a
292 942 416 1000 Platone
440 961 558 1017 quoque
581 945 613 1000 in
636 945 723 1017 parte
746 943 880 1000 civilium
902 945 1001 1016 posita
1014 943 1110 1000 virtu-

95 1035 168 1106 tum,
193 1034 223 1089 et
243 1030 409 1106 Chrysippo
436 1032 468 1089 in
495 1034 664 1106 praeceptis
690 1031 726 1089 de
749 1031 909 1089 liberorum
935 1031 1110 1089 educatione

64 1141 82 1180 ιο
96 1121 270 1197 compositis
293 1140 353 1179 non
376 1122 494 1179 omissa.
518 1139 588 1178 nam
610 1120 860 1178 Lacedaemonios
885 1120 1005 1195 quidem
1019 1122 1111 1177 etiam
1127 1128 1163 1182 18

95 1211 290 1269 saltationem
317 1209 466 1285 quandam
496 1213 651 1284 tamquam
679 1210 718 1268 ad
747 1210 826 1268 bella
857 1228 974 1283 quoque
1005 1209 1111 1266 utilem

94 1298 235 1358 habuisse
254 1299 333 1356 inter
347 1298 572 1357 exercitationes
595 1299 770 1374 accepimus.
794 1316 890 1373 neque
912 1298 945 1356 id
963 1297 1111 1356 veteribus

94 1387 240 1446 Romanis
255 1387 391 1446 dedecori
404 1388 477 1445 fuit:
500 1391 709 1464 argumentum
728 1391 774 1446 est
787 1387 973 1446 sacerdotum
992 1387 1111 1445 nomine

95 1496 130 1536 ae
153 1476 300 1553 religione
323 1475 433 1535 durans
456 1477 495 1535 ad
516 1476 573 1534 hoc
586 1479 703 1552 tempus
718 1477 840 1536 saltatio
864 1479 895 1534 et
907 1477 962 1535 illa
975 1478 1006 1534 in
1021 1478 1109 1534 tertio

56 1585 81 1626 15
97 1565 251 1624 Ciceronis
275 1565 310 1623 de
334 1563 460 1626 Oratore
482 1567 559 1624 libro
583 1567 674 1624 verba
698 1565 806 1642 Orassi,
830 1567 938 1641 quibus
957 1567 1113 1642 praecipit,

96 1657 132 1713 ut
150 1657 255 1713 orator
272 1657 376 1712 utatur
390 1651 529 1714 ‘laterum
547 1656 740 1714 inclinatione
763 1657 837 1714 forti
850 1674 885 1712 ac
907 1656 989 1713 virili
1012 1675 1072 1713 non
1095 1673 1113 1712 a

95 1762 207 1802 scaena
230 1746 261 1802 et
278 1743 481 1818 histrionibus,
505 1744 555 1802 sed
575 1744 612 1801 ab
627 1745 717 1803 armis
733 1747 786 1802 aut
800 1746 894 1802 etiam
908 1764 926 1802 a
939 1738 1112 1819 palaestra’.

95 1835 184 1891 cuius
203 1831 379 1907 disciplinae
397 1852 468 1892 usus
486 1835 519 1890 in
537 1836 671 1892 nostram
685 1853 778 1909 usque
793 1836 923 1891 aetatem
937 1834 1000 1892 sine
1014 1853 1113 1908 repre-

94 1923 240 1980 hensione
264 1921 421 1980 descendit.
453 1940 541 1981 ame
563 1925 664 1980 tamen
687 1943 740 1981 nec
763 1923 844 1981 ultra
866 1923 996 1997 pueriles
1021 1940 1113 1981 annos
1129 1933 1167 1986 19

53 2032 81 2073 ao
95 2011 279 2070 retinebitur
314 2029 367 2069 nec
399 2013 431 2068 in
462 2011 510 2068 his
542 2013 616 2086 ipsis
649 2011 708 2069 diu.
746 2031 841 2086 neque
879 2014 958 2069 enim
997 2016 1114 2088 gestum

96 2101 228 2160 oratoris
256 2102 393 2174 componi
425 2101 464 2158 ad
493 2100 719 2158 similitudinem
750 2101 921 2159 saltationis
954 2100 1031 2174 volo,
1063 2100 1114 2158 sed

96 2189 220 2248 subesse
243 2188 358 2262 aliquid
381 2208 416 2247 ex
437 2189 494 2246 hac
517 2191 728 2248 exercitatione
742 2190 858 2264 puerili,
881 2190 1032 2246 undenos
1055 2208 1114 2246 non

95 2279 129 2336 id
145 2279 264 2355 agentis
278 2278 381 2336 furtim
400 2279 487 2336 decor
505 2278 556 2336 ille
570 2277 751 2337 discentibus
766 2279 896 2337 traditus
909 2281 1114 2353 prosequatur.

97 2429 165 2502 [AN
190 2429 312 2482 PLURA
339 2429 468 2483 EODEM
494 2429 668 2483 TEMPORE
694 2429 830 2484 DOOERI
858 2429 974 2483 PRIMA
998 2429 1115 2482 AETAS
1168 2365 1213 2460 'i—

55 2531 81 2571 25
541 2518 687 2591 Possis]

168 2633 236 2691 XII.
269 2631 378 2702 Quaeri
415 2634 499 2708 solet,
536 2654 583 2709 an,
616 2636 733 2694 etiamsi
770 2635 910 2693 discenda
942 2637 1003 2693 sint
1034 2636 1148 2708 haee,1

98 2724 206 2783 eodem
229 2725 361 2798 tempore
385 2725 485 2781 tamen
509 2724 588 2781 tradi
612 2725 711 2782 omnia
735 2728 765 2782 et
787 2726 902 2799 percipi
919 2725 1043 2799 possint.
1067 2743 1116 2782 ne-

98 2814 176 2889 gant
199 2810 278 2869 enim
301 2811 432 2886 quidam,
456 2813 526 2887 quia
549 2813 747 2872 confundatur
770 2815 887 2871 animus
910 2831 944 2871 ac
973 2814 1118 2890 fatigetur

57 3013 85 3053 ao
100 3009 157 3050 neo
181 3008 287 3065 corpus
310 3009 364 3049 nee
387 2989 449 3048 dies
472 2992 537 3065 ipse
560 2991 697 3065 sufficiat,
721 2995 758 3065 et,
783 2992 808 3050 si
831 2992 959 3049 maxime
982 2993 1118 3066 patiatur

99 3081 158 3138 hoc
182 3081 264 3137 aetas
287 3079 446 3154 robustior,
469 3081 598 3154 pueriles
623 3100 715 3140 annos
738 3079 854 3139 onerari
883 3099 941 3138 non
971 3083 1115 3155 oporteat.

175 3253 192 3301 8
211 3248 276 3318 Leg.
296 3253 348 3302 813
367 3248 390 3300 B
410 3266 440 3316 sq
462 3280 495 3289 -
516 3255 530 3302 9
550 3249 596 3319 frg
616 3255 665 3303 737
687 3282 720 3289 —
742 3255 773 3302 15
793 3255 866 3315 059,
885 3254 937 3302 ‘220

175 3392 292 3446 oinn:
321 3393 540 3445 ulxutear
628 3391 828 3444 betabBP:
855 3392 982 3458 atqueA
1055 3392 1119 3444 Oet

101 3463 306 3590 {Mthzipqpept
317 3474 339 3515 Α
423 3468 455 3516 15
475 3461 621 3530 praecepit
639 3471 690 3513 AB
775 3467 808 3514 23
827 3463 1013 3531 persequatur
1032 3470 1120 3513 aava

953 3621 991 3676 h*
