2460 3854
452 134 498 191 VJ.
517 141 543 202 1,
563 140 677 190 31-11.
1008 138 1073 204 337

54 306 134 364 mire
157 305 217 364 fuit
238 307 275 364 in.
297 306 353 364 hoc
383 324 490 383 genere
519 307 663 364 venustus
692 305 767 364 Afer
796 305 960 381 Domitius,
988 309 1073 367 cuius

57 395 245 454 orationibus
278 395 447 470 complures
478 394 567 453 huius
607 394 690 452 modi
725 395 913 455 narrationes
942 397 1073 455 insertae

55 484 259 560 reperiuntur,
289 484 340 543 sed
363 484 511 543 dictorum
534 502 651 558 quoque
675 483 712 542 ab
736 484 840 542 eodem
862 485 974 544 urbane
1004 490 1075 545 sunt

57 573 134 633 editi
156 572 234 632 libri.
262 572 338 631 illud
360 592 478 649 quoque
508 591 602 651 genus
630 575 675 631 est
701 573 835 647 positum
862 592 921 632 non
953 576 986 632 in
1017 574 1128 634 111148

28 663 155 727 sveluti
176 663 359 722 iaculatione
383 662 531 720 dictorum
554 664 584 720 et
606 661 722 721 inclusa
744 661 875 722 breviter
892 663 1073 739 urbanitate,

58 751 165 810 sedin
189 751 318 826 quodam
341 752 475 828 longiore
498 755 576 824 actu,
608 750 688 824 quod
710 749 747 809 de
773 750 807 810 L.
836 750 941 812 Crasso
969 756 1073 812 contra
1119 782 1121 786 ·

58 841 188 899 Brutmn
212 839 314 900 Cicero
337 840 368 897 in
391 839 520 899 secundo
543 840 579 898 de
603 837 730 899 Oratore
752 840 829 899 libro
858 845 889 900 et
915 842 984 900 aliis
1007 844 1072 918 qui·

57 929 186 989 busdam
207 929 281 989 locis
304 932 416 989 narrat.
440 947 509 987 nam
528 948 596 987 eum
618 929 730 988 Brutus
752 931 784 988 111
807 932 997 990 accusatione
1021 930 1126 990 01144

58 1019 164 1078 Planci
181 1019 331 1078 ¹excitatis
361 1019 475 1077 duobus
510 1017 672 1077 lectoribus
704 1018 890 1093 ostendisset,
922 1022 1074 1080 contraria

21 1133 45 1172 ro
58 1107 92 1166 L.
117 1107 257 1167 Crassum
277 1111 442 1183 patronum
466 1109 530 1166 cius
553 1109 584 1165 in
608 1108 751 1181 oratione,
782 1127 873 1182 quam
896 1109 932 1167 de
955 1109 1073 1169 colonia

59 1197 249 1256 Narbonensi
270 1197 425 1272 habuerat,
452 1197 586 1256 suasisse
607 1196 658 1270 iis,
687 1215 763 1272 quae
791 1197 826 1254 de
854 1199 921 1274 lege
944 1196 1073 1258 Servilia

58 1286 177 1361 dixerit,
199 1288 255 1346 tris
278 1288 422 1344 excitavit
448 1288 479 1344 et
507 1287 576 1361 ipse«
599 1285 734 1360 lectores,
760 1285 857 1362 iisque
884 1289 980 1362 patris
1008 1289 1071 1348 eius

58 1375 200 1452 dialogos
217 1375 300 1433 dedit
322 1373 482 1452 legendoss
500 1393 625 1449 quorum
648 1393 717 1433 cum
739 1377 770 1432 in
794 1375 963 1434 Privernati
986 1395 1071 1452 unus,

59 1465 135 1523 alter
164 1464 196 1522 in
226 1465 354 1537 Albano,
386 1465 500 1523 tertius·
525 1466 563 1521 in:
587 1464 708 1522 Tiburti
739 1483 904 1525 sermonem
935 1465 1072 1524 habiturn

22 1577 44 1617 11
58 1553 312 1630 complecteretur,
343 1552 524 1628 requirebat,
560 1552 611 1629 ubi
641 1556 739 1624 essent
768 1571 820 1611 eae
850 1554 1072 1629 possessiones?

57 1644 163 1702 omnis.
187 1645 288 1702 autem
319 1643 388 1701 illas
421 1642 533 1700 Brutus
565 1641 755 1715 vendiderat,
785 1645 816 1700 et
846 1645 913 1701 tum
944 1646 1071 1719 paterna

57 1751 254 1807 emancupare
276 1732 400 1808 praedia
422 1731 540 1806 turpius
558 1729 733 1790 habebatur.
757 1732 865 1791 similis
883 1733 916 1790 in
935 1733 1070 1812 apologis

57 1840 174 1897 quoque
203 1823 234 1879 et
261 1820 438 1896 quibusdam
465 1821 586 1904 interim
615 1820 707 1878 etiam
739 1821 872 1881 historiis
904 1823 1071 1897 exponendi

56 1912 155 1987 gratia
179 1904 322 1986 consequi
341 1910 424 1968 solet.
494 1951 505 1958 -1

18 2023 43 2063 ao
123 1999 182 2058 Sed
205 1999 321 2058 acutior
344 2001 390 2057 est
411 1998 465 2056 illa
489 2000 580 2074 atque
603 1998 734 2057 velocior
755 2000 788 2056 in
810 1999 982 2060 urbanitate
1004 2000 1070 2058 bre·
1085 1997 1123 2054 45

55 2089 143 2148 vitas.
174 2088 265 2147 cuius
281 2087 403 2163 quidem
426 2088 536 2163 duplex
554 2089 655 2147 torma
679 2091 724 2147 est
746 2087 864 2147 dicendi
892 2107 927 2147 ac
949 2108 1069 2165 respon·

56 2177 154 2252 dandi,
178 2176 238 2237 sed>
251 2179 330 2237 ratio
354 2179 519 2237 communis
541 2179 574 2237 in
596 2181 695 2253 parte;
719 2177 795 2235 nihil
818 2179 906 2251 enim,
934 2179 1013 2253 quod
1036 2180 1068 2236 in

55 2266 226 2327 lacessendo
259 2267 317 2325 dici
350 2271 457 2344 potest,
489 2286 548 2326 non
581 2267 673 2326 etism
704 2268 736 2324 in
768 2267 1018 2342 repercutiendor·
1038 2272 1070 2328 at
1084 2264 1123 2322 46

57 2355 203 2431 quaedam
233 2356 354 2432 propria
384 2359 455 2416 sunt
481 2356 738 2432 respondentium:
774 2355 829 2414 1111
857 2357 948 2415 etiam
977 2360 1068 2432 atque

17 2468 42 2508 11
56 2447 149 2505 etiam
173 2446 313 2524 cogitata·
337 2446 449 2504 adferri
478 2445 584 2518 solent,
614 2446 685 2505 haec
717 2446 892 2521 plerumque
919 2447 951 2503 in
979 2446 1069 2504 alter-

57 2535 174 2594 catione
202 2538 255 2593 aut
281 2537 313 2593 111
341 2532 486 2610 rogandis
518 2533 649 2592 testibus·
677 2534 876 2610 reperiuntur.
909 2553 976 2593 cum
1008 2536 1069 2594 sint

56 2626 158 2683 autem
180 2624 243 2682 leci·
262 2624 373 2699 plures,
396 2640 432 2680 ex·
454 2621 563 2695 quibus
587 2620 669 2680 dicta
689 2625 817 2682 ridicula
840 2623 994 2699 ducantur,
1023 2643 1068 2684 re·

55 2713 217 2789 petendum
244 2715 290 2771 est
313 2711 400 2784 mihi,
427 2725 486 2767 non
510 2711 606 2768 omnis
630 2729 690 2768 eos¹
707 2713 873 2772 oratoribus
903 2714 1068 2788 convenire,

54 2802 87 2860 in
111 2802 242 2879 primis·
264 2820 299 2858 ex
328 2797 536 2874 amphibolia,
568 2817 686 2874 nequeo
700 2801 754 2860 illa
791 2802 950 2878 obscaena,
992 2822 1068 2878 quae
1083 2798 1122 2855 47

129 2997 178 3045 ue
197 2995 240 3056 ss,
260 2994 311 3042 aaa

127 3176 143 3222 6
162 3169 192 3222 L.
212 3167 312 3222 Crasso
329 3178 365 3221 A:
385 3165 484 3220 Crasso
495 3166 552 3221 ¹rell
625 3167 641 3217 9
660 3164 790 3220 excitatis
809 3169 952 3223 Pithoeus:
972 3184 1006 3222 cx

56 3247 89 3295 12
109 3241 219 3295 dixerat
233 3241 338 3311 Repius
409 3244 441 3291 22
458 3239 537 3307 parte
551 3253 627 3290 nuuc
637 3245 664 3288 P
676 3253 737 3292 ras:
749 3241 860 3308 partem
932 3245 966 3292 24
981 3240 1067 3293 etiam

54 3313 153 3382 itaque
170 3311 397 3366 concitatius!
413 3310 500 3364 etiam
513 3308 556 3362 ira
570 3306 705 3361 concitati
719 3318 770 3361 Pv
780 3310 867 3364 etiem
881 3311 967 3377 atque
981 3311 1068 3365 etiam

55 3382 339 3454 meditatiSpcldiap,
349 3400 410 3437 cuae
420 3382 539 3436 Bechero
544 3380 670 3450 praetuli
679 3380 804 3450 cogitata
830 3406 832 3411 ·
858 3381 1066 3436 2111111111Αῆ

55 3455 155 3511 afferre
173 3455 224 3509 rell
256 3488 258 3492 -
305 3460 337 3507 26
356 3454 535 3523 reperiuntur
552 3451 708 3521 Spaldircps
724 3451 916 3520 requiriuntur
933 3462 956 3503 Δ
974 3453 1066 3522 requi-

54 3531 156 3582 runtur
176 3535 278 3579 GPVM
295 3528 401 3595 (antur
421 3527 483 3593 GM)
557 3530 590 3578 29
610 3520 734 3579 obscena
754 3523 875 3591 Teuffel:
892 3523 1021 3575 obscura

102 3624 290 3676 varrararrvs,
306 3626 340 3665 cd.
355 3626 581 3670 Radermacher.
594 3626 617 3669 1.
897 3614 942 3664 Ὦ·
