2460 3854
502 147 522 201 Ι.
552 152 576 213 2,
598 153 691 201 1-11.
1063 146 1104 211 15

81 320 115 375 at
134 315 259 376 sibene
277 315 372 391 ipsius
391 315 516 390 indoles,
535 317 639 375 31131
658 334 747 375 33333
765 334 800 374 33
818 319 917 391 sopita
936 318 1141 391 parentiumb

80 405 222 464 secordia
245 409 299 477 est,
327 407 356 463 31
379 409 604 481 praeceptorem
626 405 736 483 eligere
759 406 981 465 sanctissimum
1005 425 1106 480 quem·
1212 438 1213 441 =

82 513 157 569 que,
191 495 275 552 cuius
307 495 352 552 rei
383 496 545 568 praecipua
578 493 773 569 prudentibus
807 513 879 555 cura
909 499 969 569 est,
1003 498 1032 553 31
1062 494 1105 552 di-

80 583 252 659 sciplinam,
276 601 352 657 quae
370 583 498 641 maxime
517 601 621 643 severa
639 583 739 657 fuerit,
757 584 828 642 licet
847 587 877 644 et
894 583 989 642 nihilo
1007 583 1106 642 minus

55 673 215 734 semicum
246 690 369 751 gravem
401 673 499 730 virum
533 677 586 731 311
614 671 732 732 fidelem
761 672 902 731 libertum
931 673 1021 731 lateri
1050 671 1107 730 filii

81 763 129 821 sui
154 761 325 839 adiungere,
353 763 437 820 cuius
466 761 607 820 adsiduus
632 763 791 820 comitatus
816 763 907 820 etiam
928 761 998 821 11133
1022 762 1106 820 meli-

81 869 150 910 ores
173 851 276 923 faoiat,
300 852 352 924 qui
374 850 565 910 timebantur.

149 939 252 998 Facile
280 942 345 998 erat
372 939 459 998 huius
484 944 580 998 metus
602 940 774 998 remedium.
805 941 921 998 utinam
944 939 1142 1010 liberorumss

80 1032 255 1088 nostrorum
281 1046 378 1087 1113133
407 1047 467 1103 131
494 1030 554 1104 ipsi
577 1024 781 1104 perderemus!
817 1029 979 1087 infantiam
1002 1028 1106 1086 3131111

48 1141 69 1179 io
82 1117 200 1176 deliciis
225 1117 377 1176 solvimus.
401 1118 501 1176 mollis
524 1118 578 1175 ille
602 1118 749 1191 educatio,
773 1137 864 1193 quam
886 1117 1106 1194 indulgentiam

80 1225 234 1281 vocamus,
263 1225 369 1265 nervos
398 1225 499 1265 omnes
527 1208 636 1266 mentis
659 1211 690 1266 et
713 1209 845 1281 corporis
868 1206 990 1284 frangit.
1033 1206 1106 1282 quid

80 1314 152 1354 non·
171 1296 292 1354 adultus
319 1298 516 1370 concupiscet,
547 1299 599 1371 qui
621 1296 654 1354 in
677 1297 818 1371 purpuris
841 1293 941 1370 repit?
974 1295 1106 1353 nondum

81 1385 182 1459 prims
211 1383 304 1442 verba
334 1387 483 1459 exprimit,
515 1387 577 1444 iam
607 1404 725 1444 coccum
755 1385 913 1461 intellegit,
945 1386 1008 1444 iam
1038 1402 1105 1444 con-

82 1474 216 1550 chylium
240 1473 345 1549 poscit.
369 1477 439 1532 ante
462 1474 598 1549 palatum
622 1493 724 1534 eorum
749 1493 839 1550 quam
859 1492 891 1533 os
910 1473 1105 1533 instituimus.
1125 1482 1139 1536 7

48 1587 67 1626 13
81 1564 115 1621 in
133 1563 248 1621 lecticis
267 1567 418 1622 crescunt:
442 1565 468 1622 si
486 1567 598 1622 terram
617 1565 791 1641 attigenmt,
810 1583 826 1622 e
844 1563 982 1622 manibus
1001 1562 1105 1621 utrim-

82 1670 141 1728 que
174 1653 386 1711 sustinentium
418 1652 556 1726 pendent.
602 1651 775 1731 gaudemus,
807 1654 834 1711 si
864 1653 935 1727 quid
967 1652 1105 1711 licentius

82 1740 226 1800 dixerint:
254 1740 345 1799 verba
373 1759 410 1800 ne
432 1738 643 1800 Alexandrinis
668 1742 788 1817 quidem
810 1740 1011 1816 permittenda
1034 1740 1106 1800 deli·

82 1830 137 1890 ciis
160 1829 224 1889 risu
246 1833 278 1888 et
300 1830 401 1889 osculo
425 1829 595 1905 excipimus.
637 1850 692 1891 nec
715 1832 837 1889 uinum:
864 1850 918 1891 nos
943 1829 1105 1905 docuimus,

82 1939 118 1978 ex
136 1918 224 1979 nobis
244 1919 379 1993 audiunt,
397 1924 516 1978 nostrus
530 1922 650 1994 amicas,
669 1924 786 1980 nostres
801 1919 980 1979 concubinos
995 1919 1105 1992 vident,
1122 1926 1140 1982 8

48 2027 172 2072 3311113
196 2007 369 2068 convivium
392 2007 544 2068 obscaenis
569 2010 693 2068 canticis
716 2011 832 2083 strepit,
860 2008 1001 2083 pudenda
1024 2006 1105 2066 dictu

83 2101 266 2172 spectentur.
308 2097 342 2156 fit
372 2117 407 2154 ex
436 2097 483 2158 his
512 2098 701 2172 consuetudo,
730 2097 800 2157 inde
827 2101 944 2156 natura.
986 2097 1105 2155 diseunt

81 2187 155 2245 11333
184 2188 297 2260 miseri,
325 2190 487 2262 antequam
514 2189 611 2246 sciant
638 2188 714 2246 vitia
742 2205 818 2246 esse:
854 2186 925 2245 inde
952 2186 1043 2244 soluti
1072 2205 1105 2244 ac

81 2275 209 2335 fluentes
231 2295 293 2335 non
316 2275 467 2351 accipiunt
491 2296 526 2334 ex
550 2275 658 2335 scholis
677 2276 758 2335 11313
777 2277 846 2349 1313,
868 2275 970 2334 sedin
990 2273 1106 2335 scholas

82 2364 231 2424 edferrmt.

48 2477 66 2517 13
150 2449 276 2513 ‘Verum
294 2455 327 2511 in
345 2453 452 2514 studiis
471 2456 568 2532 magis
586 2453 707 2513 vacabit
724 2473 801 2512 nnus
820 2449 892 2512 uni'
922 2458 991 2512 ante
1005 2455 1106 2512 311113
1140 2455 1189 2507 fr,

79 2543 158 2602 nihil
188 2541 328 2618 prohibet
358 2562 421 2602 esse
450 2544 538 2601 illum
565 2536 663 2602 133313
693 2563 781 2618 quem
808 2563 899 2600 unum
924 2545 1105 2602 3113113111

81 2652 124 2707 eo,
153 2632 208 2708 qui
235 2633 268 2690 in
295 2633 404 2692 scholis
433 2633 575 2692 eruditur.
617 2633 668 2692 sed
696 2634 816 2691 etiamsi
837 2633 924 2710 iungi
946 2636 1106 2707 utrumque

80 2741 141 2781 non
174 2725 293 2797 posset,
328 2722 431 2781 lumen
467 2726 570 2780 111131
601 2722 678 2779 illud
710 2725 872 2780 conventus
904 2721 1106 2780 honestissimi

81 2809 215 2870 tenebris
239 2829 273 2869 ac
296 2811 454 2870 solitudini
476 2812 699 2885 praetulissem:
730 2830 801 2869 nam
824 2811 955 2885 optimus
979 2811 1105 2886 quisque

48 2924 68 2962 to
81 2903 260 2974 praeceptor
283 2900 452 2976 frequentia
476 2901 586 2976 gaudet
610 2901 775 2958 331131313
794 2900 962 2958 3311133113
982 2900 1105 2978 dignum

80 2992 178 3063 putat.
221 2993 254 3047 et
286 2990 347 3048 fere
378 2991 508 3048 minores
541 3009 575 3047 ex
607 2990 788 3049 conscientia
821 3007 891 3047 suae
922 2988 1105 3047 infirmitatis
1121 2996 1160 3051 10

81 3078 204 3138 haerere
234 3079 361 3154 singulis
392 3081 422 3136 et
450 3077 549 3136 efficio
577 3077 663 3154 fungi
691 3076 820 3153 quodam
847 3076 934 3135 modo
957 3078 1104 3155 paedago-

82 3187 189 3245 gorum
212 3185 272 3226 131
296 3167 500 3243 indignantur.
525 3167 574 3225 sed
599 3172 731 3242 praestet
755 3169 847 3225 311311
869 3167 917 3225 vel
939 3168 1040 3243 gratia
1057 3169 1105 3225 vel
1121 3174 1158 3228 11

81 3257 211 3331 pecunia
229 3256 278 3314 vel
297 3256 493 3331 amicitiant
512 3256 716 3316 doctissimum
736 3262 826 3331 atque
841 3255 1105 3329 incomparabilem

48 3347 261 3423 smagistrnm
294 3345 376 3404 domi
404 3345 522 3418 habeat,
555 3365 615 3404 non
644 3351 745 3405 tamen
775 3344 827 3403 ille
856 3349 954 3403 totum
984 3345 1015 3402 in
1045 3365 1104 3404 uno

154 3534 338 3600 lirrcrjor'tnn
391 3533 636 3590 7timebunturB
689 3542 723 3592 31
739 3553 800 3592 non
811 3545 985 3590 Aszuum
999 3536 1135 3587 1111133
