2460 3854
391 120 780 211 mmmmm&
1023 119 1087 184 lw

137 287 255 349 causa
287 309 407 365 quoque
430 292 461 348 et
486 289 666 348 iudicatio
698 292 729 348 et
760 290 950 348 continens
982 291 1028 348 est
1053 288 1159 346 111104

74 381 152 436 omni
175 397 284 455 genere
306 397 472 438 causarum.
500 378 577 436 nihil
600 380 680 437 enim
708 378 830 452 dicitur,
858 380 906 436 oui
932 397 993 437 non
1015 379 1089 437 insit

70 468 146 526 ratio
171 471 203 526 et
225 487 285 542 quo
307 467 452 527 iudicium
474 468 623 527 referatur
644 469 675 526 et
698 467 777 542 quod
794 485 856 526 rem
875 469 1005 525 maxime
1019 486 1087 527 con·

68 558 174 615 lineat.
207 557 259 615 sed
283 557 355 632 quia
376 558 474 633 magis
496 558 571 615 haec
594 557 750 615 variantur
776 558 809 613 in
836 555 941 615 litibus
969 559 999 614 et
1026 556 1088 616 fere

46 645 185 704 stradita
207 649 279 704 sunt
301 645 338 703 ab
361 646 408 720 iis,
432 648 484 721 qui
507 645 543 704 de
561 645 753 704 iudicialibus
771 647 868 704 causis
888 646 991 720 aliqua
1009 664 1087 705 com-

66 737 243 812 posuerunt,
265 735 298 792 in
320 735 405 792 illam
428 736 543 810 partem
568 734 753 793 differantur.
777 753 864 808 nuno,
888 735 959 809 quia
976 736 1009 792 in
1027 737 1089 792 tria

67 843 180 902 genera
203 842 307 882 causas
331 824 428 898 diuisi,
451 823 586 883 ordinem
608 842 725 899 sequar.

277 957 338 1028 [aa
357 957 480 1010 sauna
499 956 546 1010 nr
563 955 883 1028 necessariora]

135 1055 205 1114 VH.
241 1053 287 1113 Ac
318 1054 508 1131 potissimum
538 1055 681 1131 incipiam
713 1053 750 1112 ab
783 1073 826 1129 aa,
859 1073 936 1130 quae
969 1057 1086 1114 constat
1141 1054 1157 1108 1

25 1159 54 1201 ro
68 1145 178 1203 laude
202 1163 237 1202 ao
259 1145 545 1219 vituperatione.
570 1143 649 1219 quod
668 1162 760 1221 genus
779 1143 897 1203 videtur
912 1144 1087 1203 Aristoteles

70 1235 162 1309 atque
187 1252 255 1291 eum
279 1236 397 1292 secutus
412 1232 634 1307 Theophrastus
655 1234 777 1310 aparte
795 1233 949 1310 negotiali,
972 1233 1028 1292 hoc
1043 1236 1088 1292 est

69 1325 268 1406 πραγματικῇ,
289 1323 451 1381 removisse
478 1324 632 1397 totamque
660 1321 698 1380 ad
728 1322 806 1380 solos
835 1321 985 1380 auditores
1013 1323 1088 1380 relo-

70 1430 172 1488 gasse3
196 1412 228 1469 et
249 1411 281 1469 id
304 1412 369 1469 eius
392 1411 535 1485 nominis,
566 1410 643 1486 quod
668 1411 704 1468 ab
733 1410 932 1469 ostentatione
961 1411 1087 1485 ducitur,

69 1502 227 1577 proprium
250 1501 303 1558 est.
327 1499 378 1559 sed
391 1519 456 1559 mos
474 1499 626 1559 Romanus
645 1501 738 1558 etiam
756 1499 885 1576 negotiis
903 1500 959 1558 hoc
977 1520 1085 1560 munus
1141 1499 1161 1552 2

23 1604 57 1647 15
70 1591 207 1649 inserunt.
230 1607 300 1647 nam
325 1591 355 1647 et
377 1588 516 1647 funebres
545 1587 732 1647 laudationes
760 1589 891 1664 pendent
918 1589 1089 1665 frequenter

63 1699 105 1749 ,ex
130 1678 232 1753 aliquo
255 1677 375 1754 publico
399 1677 498 1737 officio
521 1681 611 1753 atquo
635 1697 670 1736 ex
694 1677 968 1737 senatusconsulto
993 1680 1087 1756 magi-

71 1767 216 1828 stratibus
239 1785 327 1843 saepe
350 1766 541 1841 mandantur,
572 1770 602 1825 et
624 1767 746 1824 laudare
773 1769 881 1825 testem
909 1767 958 1826 vel
985 1770 1088 1826 contra

70 1858 204 1932 pertinet
227 1855 265 1913 ad
283 1859 466 1915 momentum
480 1856 669 1930 iudiciorum,
693 1858 723 1913 et
740 1849 815 1930 ip'sis
829 1858 921 1915 etiam
939 1858 998 1914 reis
1017 1857 1087 1914 dare

70 1946 243 2005 laudatores
265 1944 346 2019 licet,
369 1948 400 2004 et
423 1945 497 2004 editi
519 1945 551 2003 in
574 1946 791 2020 competitores,
815 1945 846 2002 in
878 1944 911 2002 L.
940 1944 1088 2018 Pisonem,

19 2036 103 2094 acin
127 2033 267 2094 Clodium
290 2036 321 2092 et
345 2033 503 2093 (lurionem
525 2034 597 2093 libri
619 2035 871 2108 vituperationem
890 2035 1044 2092 continent
1058 2037 1088 2092 et

71 2127 175 2183 tamen
197 2124 231 2182 in
254 2124 359 2181 senatu
377 2123 442 2182 loco
461 2127 531 2182 sunt
549 2122 645 2182 habiti
664 2125 836 2181 sententiae.
860 2142 955 2197 neque
974 2122 1085 2182 infitias
1140 2120 1162 2175 3

72 2232 106 2273 eo
132 2212 278 2289 quasdam
301 2231 364 2272 esse
387 2231 423 2269 ex
445 2212 501 2270 hoc
524 2231 630 2290 genere
652 2213 795 2270 materias
823 2212 861 2270 ad
889 2212 984 2270 solam
1011 2230 1087 2270 com-

71 2304 188 2378 positas
212 2304 452 2376 ostentationem,
475 2304 509 2359 ut
527 2301 630 2360 laudes
650 2301 772 2359 deorum
790 2302 990 2376 virorumque,
1014 2320 1087 2377 quos

72 2393 176 2468 priora
198 2394 335 2465 tempora
356 2390 499 2449 tulerunt.
524 2409 582 2466 quo
598 2391 725 2449 solvitur
744 2391 879 2465 quaestio
899 2408 989 2465 supra
1007 2393 1087 2448 trac-

25 2498 57 2539 25
71 2483 139 2539 tata
158 2480 409 2555 manifestumque
429 2481 474 2540 est
493 2499 590 2538 errare
609 2498 667 2554 eos,
687 2481 740 2555 qui
757 2499 919 2554 numquam
939 2482 1086 2539 oratorem

73 2569 224 2628 dicturum
246 2568 419 2627 nisidoro
443 2568 535 2626 dubia
557 2571 747 2645 putaverunt.
778 2588 816 2627 an
839 2568 941 2628 laudes
966 2568 1084 2645 Capito·
1139 2564 1161 2620 4

72 2657 129 2716 lini
151 2657 242 2729 IoviS,
265 2660 411 2733 perpetua
434 2659 512 2716 sacri
539 2657 709 2716 certaminis
736 2658 876 2733 materia,
903 2659 951 2716 vel
980 2659 1086 2717 dubiae

72 2748 145 2806 sunt
167 2747 215 2805 vel
237 2766 298 2806 non
322 2748 452 2806 oratorio
477 2766 582 2824 genere
606 2744 797 2805 tractantur?

141 2835 184 2894 Ut
207 2835 356 2894 desiderat
379 2838 480 2895 autem
498 2837 575 2909 laus,
598 2856 674 2911 quae
693 2836 821 2913 negotiis
836 2836 1002 2911 adhibetur,
1020 2856 1087 2912 pro-

37 2945 60 2984 so
73 2924 236 2998 bationcm,
267 2915 309 2983 sio
337 2926 429 2984 etiam
460 2925 523 2998 illa,
557 2944 633 3001 quae
665 2925 859 2984 ostentationi
891 2927 1087 3000 componitur,

70 3013 163 3074 habet
185 3015 306 3072 interim
321 3013 455 3089 aliquam
478 3016 605 3089 speciem
628 3014 821 3089 probationis,
844 3016 887 3088 ut,
907 3015 958 3089 qui
974 3014 1084 3072 Romu·
1140 3010 1161 3065 b

71 3103 135 3162 lum
167 3102 274 3161 Martis
306 3102 401 3161 filium
430 3103 646 3178 educatumque
677 3121 695 3159 a
722 3103 793 3177 lupa
821 3103 909 3175 dicat,
939 3103 971 3159 in
999 3122 1087 3179 argu-

71 3194 206 3251 mentum
230 3193 364 3251 oaelcstis
388 3193 470 3252 ortus
494 3194 598 3250 utatur
619 3192 675 3265 his,
703 3192 783 3266 quod
807 3191 938 3250 abiectus
965 3194 997 3249 in
1019 3210 1087 3267 pro-

71 3282 214 3341 fluentem
238 3299 298 3339 non
321 3281 455 3357 potuerit
478 3281 621 3357 extingui,
646 3279 724 3354 quod
748 3282 848 3338 omnia
867 3283 909 3340 sic
928 3283 1031 3357 egerit,
1053 3282 1089 3338 ut

35 3390 58 3430 ss
72 3373 209 3450 genitum
231 3370 368 3445 praeside
391 3370 537 3428 bellorum
556 3370 611 3428 deo
630 3368 802 3427 incredibile
820 3389 880 3427 non
899 3372 984 3444 esset,
1009 3369 1088 3443 quod

146 3504 522 3573 mqmmmwa
