2460 3854
349 137 383 191 11.
402 142 428 206 s,
448 143 561 192 11-15.
581 143 607 206 s,
627 142 704 194 1-s.
726 143 767 204 ιο,
788 143 864 192 1-6.
1081 137 1125 202 93

99 324 275 381 corporum,
298 305 350 365 sed
373 307 518 366 mentium
541 306 672 366 medani.
696 307 825 365 multum
848 307 921 366 haec
939 308 1037 384 pietas
1055 325 1125 366 con·
1160 314 1177 368 2

99 397 185 454 feret
207 394 320 470 studi03
343 414 414 453 nam
436 398 481 454 ite
504 399 535 455 et
556 396 685 455 libenter
708 396 830 454 audient
850 399 880 455 et
899 396 986 456 dictis
1004 395 1125 454 credent

100 487 136 543 et
159 501 224 542 esse
247 484 359 543 similes
382 486 600 561 concupiscent,
622 487 656 544 in
678 487 758 561 ipsos
778 485 906 561 deniqne
926 488 1026 545 coetus
1041 485 1124 544 echo-

101 573 206 633 larum
236 575 312 632 laeti
343 574 456 632 alacres
495 576 688 649 convenient,
721 573 870 633 emendati
905 594 964 633 non
996 576 1124 632 irascen-

72 666 169 737 stur‚
197 661 314 721 laudati
342 663 526 741 gaudebunt,
558 666 593 722 ut
620 663 681 723 sint
713 665 868 736 carissimi,
897 663 995 723 studio
1021 680 1125 722 ‘mere-

103 752 229 810 buntur.
252 770 323 810 nem
350 759 385 811 ut
411 752 534 811 illorum
567 752 698 812 officium
730 755 776 811 est
808 747 920 827 docere,
945 752 986 812 sic
1018 752 1125 810 horum
1157 758 1177 812 8

103 840 249 918 praebere
274 860 304 901 se
327 840 451 900 dociles:
479 842 593 918 alioqui
621 844 761 900 neutrum
789 844 852 901 sine
880 843 975 901 altero
1004 840 1122 900 sufficit.

105 933 137 989 et
160 931 239 989 sicut
262 930 390 990 hominis
413 933 495 989 ortus
519 950 554 989 ex
576 933 703 1007 utroque
726 932 911 1008 gignentium
928 932 1080 989 confertur
1094 933 1125 989 et

104 1020 221 1078 frustra
244 1020 388 1094 sparseris
411 1021 535 1091 semina,
557 1019 615 1080 nisi
638 1021 692 1078 illa
715 1021 922 1095 praemollitus
936 1020 1046 1078 foverit
1065 1018 1123 1076 sul·

65 1133 91 1171 ro
105 1127 172 1168 cus:
194 1109 241 1166 ita
264 1108 434 1183 eloquentia
457 1110 622 1168 coalescere
644 1110 752 1185 nequit
773 1109 833 1168 uisi
851 1110 966 1169 sociata
978 1108 1124 1167 medentis

105 1197 341 1273 accipientisque
360 1198 526 1257 concordia.
1140 1160 1187 1230 s

216 1348 277 1419 [Da
295 1347 489 1403 ΠΤΠᾸΤΑΤΕ
508 1349 555 1402 ΕΤ
574 1349 736 1404 RATIONE
754 1348 1017 1420 occuluisset]

173 1463 210 1521 X.
233 1463 270 1521 Iu
292 1463 339 1523 his
362 1465 466 1539 primis
490 1464 636 1540 operibus,
661 1484 737 1541 quae
760 1484 820 1524 non
843 1466 910 1540 ipsa
928 1482 1022 1540 parve
1045 1466 1124 1538 sunt,
1159 1472 1174 1526 l

106 1554 158 1612 sed
181 1554 332 1612 maiorum
355 1555 442 1629 quasi
465 1553 598 1612 membra
625 1557 716 1629 atque
743 1557 854 1630 partes,
883 1554 957 1612 bene
984 1553 1123 1612 instituto

72 1661 141 1704 uac
164 1643 240 1701 satis
269 1644 430 1701 exercitato
460 1644 523 1701 iam
546 1644 607 1701 fere
637 1646 756 1719 tempus
784 1644 905 1719 adpetet
932 1642 1124 1720 adgrediendi

106 1732 258 1791 suasorias
280 1731 494 1806 iudicialesque
521 1733 675 1791 materias:
708 1751 833 1807 quarum
858 1735 1019 1808 antequam
1043 1733 1124 1790 viam

106 1819 269 1898 ingredior,
292 1839 389 1896 pauca
410 1821 487 1879 mihi
510 1821 545 1879 de
568 1823 636 1897 ipsa
654 1821 840 1880 declamandi
862 1823 978 1881 ratione
999 1820 1124 1880 dicenda

106 1912 186 1984 sunt,
211 1927 287 1986 quae
310 1909 430 1985 quidem
453 1915 488 1968 ut
511 1930 545 1969 ex
569 1910 704 1970 omnibus
728 1911 888 1969 novissime
915 1912 1052 1983 inventa,
1080 1909 1124 1967 ita

106 1999 205 2058 multo
229 2001 274 2057 est
296 1999 467 2058 utilissima.
491 2018 560 2057 nam
584 2002 615 2057 et
638 2002 744 2058 cuncta
766 2000 829 2074 illa,
858 1999 893 2056 de
918 1999 1025 2074 quibus
1049 1998 1123 2055 dixi·
1157 2005 1175 2059 2

75 2107 182 2163 eumue,
206 2088 238 2145 in
261 2106 292 2147 se
315 2088 375 2146 fere
399 2089 532 2148 continet
559 2091 590 2147 et
615 2090 737 2147 veritati
764 2089 929 2163 proximem
957 2088 1120 2164 imaginem

105 2176 215 2251 reddit,
238 2175 363 2254 ideoque
391 2179 436 2236 ita
464 2179 508 2236 est
536 2178 693 2250 celebrata,
726 2180 760 2235 ut
792 2178 940 2253 plerisque
973 2176 1124 2235 videretur

106 2267 144 2324 ad
167 2265 358 2325 formandam
381 2268 581 2341 eloquentiam
605 2267 651 2325 vel
676 2268 740 2326 sola
763 2265 905 2326 sufficere.
929 2266 1124 2340 nequeenim

105 2357 204 2415 virtus
227 2355 291 2413 ulla
314 2358 476 2431 perpetuae
507 2356 663 2414 dumtaxat
690 2356 834 2414 orationis
864 2356 988 2430 reperiri
1015 2357 1123 2430 potest,

106 2463 185 2520 quae
209 2463 269 2503 non
292 2445 332 2504 sit
355 2462 421 2502 cum
445 2445 501 2504 hac
525 2444 642 2503 dicendi
664 2444 859 2504 meditatione
887 2445 1059 2504 communis.
1089 2462 1123 2502 eo
1156 2454 1175 2509 3

64 2549 91 2594 ss
106 2533 230 2610 quidem
252 2550 299 2592 res
322 2533 381 2593 ista
404 2534 492 2610 culpa
515 2534 685 2593 docentium
712 2533 844 2605 reccidit,
870 2535 907 2591 ut
933 2534 1012 2592 inter
1038 2552 1123 2610 prae-

106 2625 222 2699 cipuas,
254 2641 331 2698 quae
364 2625 586 2698 corrumperent
618 2624 829 2699 eloquentiam,
861 2641 965 2682 causas
1001 2622 1123 2681 licentia

106 2715 201 2787 atque
228 2711 348 2770 inscitie
371 2711 601 2771 declamantium
629 2714 728 2770 fuerit.
759 2712 809 2772 sed
837 2731 880 2786 eo,
908 2712 987 2788 quod
1015 2714 1123 2771 natura

105 2801 219 2859 bonum
243 2802 295 2875 est,
318 2801 392 2859 bene
415 2802 461 2859 uti
489 2802 566 2860 licet.
595 2803 657 2861 sint
690 2820 760 2878 ergo
793 2805 824 2860 et
854 2801 937 2877 ipsae
970 2803 1123 2875 materiae,
1155 2807 1174 2864 4

106 2909 186 2966 quae
208 2888 366 2967 fingentur,
394 2909 484 2966 quam
512 2891 681 2950 simillimae
710 2890 840 2965 veritati,
874 2893 904 2948 et
936 2890 1122 2963 declamatio,

59 2995 91 3041 ao
105 2980 140 3037 in
177 2980 326 3054 quantum
357 2979 486 3038 maxime
517 2982 624 3055 potest,
657 2980 792 3038 imitetur
828 2999 877 3039 eas
915 2980 1055 3053 actiones
1092 2980 1123 3037 in

105 3087 235 3145 quarum
259 3068 500 3127 exercitationem
523 3072 641 3143 reperta
665 3072 717 3127 est.
745 3088 816 3127 nam
843 3087 946 3146 magos
975 3071 1005 3127 et
1031 3068 1123 3143 pesti·
1157 3075 1176 3131 ὅ

104 3157 233 3216 lentiam
257 3159 287 3216 et
308 3174 450 3232 response
473 3160 504 3216 et
527 3158 674 3217 saeviores
697 3158 819 3236 tragicis
843 3175 984 3216 novercas
1003 3157 1121 3233 aliaque

180 3387 194 3435 1
215 3379 324 3435 confert
342 3389 395 3434 BP
493 3388 509 3434 4
529 3382 691 3449 alacresque
710 3391 732 3433 Α
757 3384 786 3435 et
809 3382 915 3435 alacres
935 3390 962 3432 1·
978 3381 1010 3448 of
1028 3381 1123 3449 adop

103 3459 149 3520 27,
170 3458 186 3506 9
262 3457 294 3505 15
313 3468 347 3506 ac
366 3451 435 3505 eatis
454 3453 528 3506 w:
549 3455 634 3518 atque
653 3452 718 3504 31³¹
791 3459 824 3506 19
844 3453 965 3506 diximus
984 3461 1045 3505 AB:
1066 3452 1121 3506 die·

103 3525 263 3579 serimus?
297 3523 501 3577 threciditff
545 3522 763 3579 severitudine
773 3523 1141 3596 thtdt,'ti·.ueritutxsu
