2460 3854
492 133 525 188 v.
546 138 589 201 10,
607 138 721 188 sc-cr.
1048 135 1113 199 261

93 308 180 380 sunt,
204 305 326 364 subicit:
349 305 393 378 ut,
415 305 442 363 si
463 304 499 376 is,
527 304 576 362 cui
598 305 755 380 argentum
786 322 871 362 omne
899 304 1032 380 legatum
1061 308 1115 377 est,

92 398 185 472 petat
207 396 360 472 signatum
389 411 514 468 queque,
546 393 651 450 utatur
672 411 793 469 genere:
825 395 858 450 at
885 395 911 452 si
940 395 1016 468 quis,
1047 412 1114 452 cum

92 487 234 562 legatum
256 484 297 543 sit
320 483 357 556 ei,
380 501 458 558 quae
480 483 546 540 viro
569 483 665 539 mater
689 481 821 540 familias
845 484 930 557 esset,
953 484 1042 558 neget
1065 483 1114 540 de·

94 575 164 632 beri
187 573 224 647 ei,
247 590 325 648 quae
347 573 380 629 in
402 590 525 629 manum
547 588 607 628 non
630 572 809 643 convenerit,
837 573 943 646 specie,
972 573 1114 646 quoniam

48 685 80 724 vs
96 663 177 721 duae
199 663 314 721 formae
334 662 395 719 sint
412 661 678 718 matrimoniorum.
702 659 847 718 divisione
862 664 963 719 autem
978 659 1114 719 adiuvari
1128 662 1167 717 66

95 751 265 810 finitionem
289 750 384 823 docet,
408 767 532 824 eamque
555 748 672 806 differre
696 767 714 806 a
736 751 908 824 partitione,
940 749 1018 824 quod
1041 750 1114 809 haec

96 842 139 900 sit
162 840 256 899 totius
278 841 312 896 in
333 840 444 913 partes
467 838 521 896 illa
540 839 655 925 generis
672 839 705 895 in
723 838 842 897 formas.
866 842 966 913 partes
984 841 1113 899 incertas

96 949 173 1002 esse,
195 931 230 987 ut
260 923 378 1003 ‘quibus
407 929 522 986 constet
553 944 600 984 res
629 922 772 1004 publica',
804 928 915 986 formas
944 931 1047 1002 certas,
1080 931 1114 987 ut

98 1015 188 1094 ‘quot
210 1019 273 1076 sint
294 1019 407 1092 species
420 1035 520 1074 rerum
537 1011 746 1091 publicarinn’,
770 1035 844 1091 quas
863 1019 918 1076 666
938 1018 1113 1092 accepimus„

53 1126 177 1183 requae
199 1105 314 1183 populi,
336 1124 413 1181 quae
435 1123 607 1180 paucorum,
636 1123 711 1178 quae
739 1107 827 1163 nnius
855 1109 1003 1181 potestate
1031 1125 1112 1184 rege-

95 1198 209 1256 rentur.
233 1195 338 1254 atille
362 1194 481 1270 quidem
499 1212 560 1252 non
582 1195 619 1251 iis
643 1194 787 1269 exemplis
810 1196 914 1269 utitur,
947 1198 1019 1269 quia
1041 1198 1111 1254 scri·
1127 1202 1168 1258 64

95 1286 170 1345 bens
194 1285 233 1342 ad
257 1282 430 1342 Trebatium
453 1303 488 1342 ex
511 1282 575 1341 iure
598 1282 703 1342 ducere
727 1301 761 1341 ea
789 1285 909 1342 maluit:
942 1302 997 1361 ego
1030 1304 1113 1359 aper·

95 1377 177 1434 ticra
200 1375 296 1451 posui.
318 1373 442 1448 propria
465 1390 535 1430 vero
559 1371 598 1430 ad
620 1372 807 1431 coniecturae
827 1392 944 1447 quoque
963 1375 1114 1448 pertinent

96 1466 224 1540 partem,
247 1466 290 1535 66,
314 1463 388 1536 quia
409 1463 564 1536 proprium
587 1463 632 1519 est
653 1461 723 1520 boni
746 1465 826 1521 recte
849 1463 956 1536 facere,
978 1463 1115 1520 iracundi

56 1575 83 1614 15
96 1551 197 1612 verbis
228 1555 283 1610 aut
309 1570 401 1609 manu
431 1551 509 1608 male
540 1550 645 1624 facere,
682 1551 763 1608 facta
790 1552 863 1609 haec
894 1552 930 1610 ab
954 1553 1028 1626 ipsis
1052 1571 1114 1611 esse

97 1642 267 1715 eradantur,
298 1643 352 1698 aut
382 1641 494 1698 contra.
526 1658 596 1696 nam
627 1643 662 1697 ut
695 1639 842 1714 quaedam
873 1642 906 1698 in
936 1641 1114 1716 quibusdam

95 1732 202 1806 utique
226 1731 305 1803 sunt,
328 1731 373 1787 ita
397 1728 542 1805 quaedam
564 1727 597 1786 in
620 1728 797 1803 quibusdam
820 1731 925 1805 utique
952 1750 1012 1790 non
1036 1734 1114 1804 sunt,

96 1823 128 1878 et
149 1819 239 1892 ratic,
264 1818 401 1893 quamvis
425 1810 497 1896 [ita]
522 1837 557 1874 ex
581 1817 706 1891 diversa,
730 1819 832 1877 eadem
856 1822 908 1878 est.

164 1909 284 1967 Divisio
308 1910 339 1965 et
362 1906 400 1965 ad
422 1906 608 1981 probandum
632 1906 724 1965 simili
751 1907 801 1965 via
828 1908 910 1966 valet
942 1911 972 1966 et
1002 1910 1039 1967 ad
1070 1929 1114 1968 re·

59 1997 269 2058 refellendum.
292 1996 464 2071 probationi
486 1997 607 2054 interim
631 1996 703 2053 satis
728 1999 772 2054 est
794 2016 887 2053 unum
909 1998 1031 2072 habere,
1058 1999 1115 2057 hoc
1129 2004 1167 2060 66

96 2088 199 2147 modo:
231 2080 278 2144 ‘ut
300 2087 340 2144 sit
368 2087 452 2158 civiS,
484 2087 539 2142 666
567 2087 657 2143 66666
690 2085 730 2142 sit
759 2087 878 2159 oportet
910 2090 963 2145 aut
994 2082 1113 2146 factus':

95 2181 259 2250 utrumque
282 2174 449 2233 tollendum
472 2177 530 2232 est:
558 2168 624 2232 ‘nec
651 2176 739 2232 natus
770 2192 823 2232 nec
851 2175 948 2233 factus
981 2170 1046 2234 est'.
1080 2176 1114 2235 fit
1129 2184 1168 2237 66

95 2267 152 2325 hcc
176 2268 207 2324 et
230 2264 399 2340 multiplex,
425 2263 517 2338 idque
541 2267 586 2322 cst
610 2266 853 2340 argumentorum
881 2283 974 2340 genus
1003 2283 1037 2322 ex
1069 2286 1114 2324 re·

95 2356 239 2426 motione,
263 2372 322 2428 quc
345 2352 434 2412 modo
458 2352 586 2410 efficitur
608 2354 707 2409 totum
726 2353 845 2426 falsum,
868 2353 956 2412 modo
970 2353 1011 2427 id,
1035 2355 1114 2429 quod

58 2464 83 2505 25
96 2445 289 2518 relinquitur,
308 2460 419 2501 verum.
438 2443 536 2500 totum
550 2442 660 2501 falsum
680 2445 724 2500 666
742 2442 798 2500 hoc
817 2441 919 2502 modo:
944 2438 1114 2518 ‘pecuniam

97 2532 258 2592 credidisse
281 2535 311 2589 te
335 2531 423 2590 dicis:
446 2534 501 2588 aut
522 2530 654 2590 habuisti
677 2531 741 2605 ipse
765 2533 818 2589 aut
846 2531 883 2590 ab
907 2532 1009 2607 aliquo
1034 2552 1114 2592 acce-

94 2622 169 2697 pisti
193 2625 246 2679 aut
268 2621 412 2679 invenisti
434 2623 487 2677 aut
510 2619 690 2695 surripuisti.
714 2621 740 2677 si
763 2639 858 2694 neque
883 2620 964 2679 domi
981 2621 1114 2681 habuisti

94 2730 194 2785 neque
218 2709 255 2768 ab
280 2711 381 2784 aliquo
406 2710 547 2783 accepisti
570 2711 600 2766 et
623 2711 730 2781 cetera,
757 2727 817 2766 non
840 2703 1015 2769 credidisti'.
1044 2713 1114 2770 reli·
1128 2716 1166 2771 67

96 2819 165 2858 cum
188 2799 223 2857 fit
245 2818 350 2857 verum
372 2799 428 2857 sic:
458 2793 517 2855 ‘hic
541 2816 652 2871 servus,
684 2816 770 2871 quem
801 2797 858 2856 tibi
887 2798 1031 2876 vindicas,
1062 2805 1115 2860 aut

55 2911 82 2950 sc
96 2908 189 2948 verna
212 2892 281 2947 tuus
313 2890 358 2946 est
388 2889 441 2945 aut
468 2888 586 2962 emptus
618 2889 671 2944 aut
698 2886 826 2945 donatus
855 2889 908 2946 aut
934 2892 1114 2950 testamento

66 3022 72 3039 .
96 2977 219 3037 relictus
244 2979 297 3036 aut
320 2996 354 3035 ex
377 2977 462 3034 hoste
486 2977 591 3050 captus
616 2978 668 3032 aut
697 2970 838 3034 alienus’:
863 2976 967 3035 deinde
990 2980 1114 3037 remotis

169 3111 243 3166 cib.
264 3117 288 3177 6,
309 3116 342 3164 17

168 3241 202 3291 13
223 3235 373 3305 aprcpric
397 3235 468 3303 th
487 3237 537 3286 399
658 3238 690 3285 15
709 3233 782 3286 male
806 3234 906 3303 facere,
930 3236 1008 3290 facta
1026 3237 1114 3290 Halm

96 3310 221 3379 Kayser:
243 3306 417 3361 labefactare
451 3306 500 3370 Va·
523 3321 566 3358 om
584 3313 667 3368 ΑΒΡ,
693 3305 757 3358 item
784 3306 854 3360 haec
878 3307 914 3360 ab
937 3307 1007 3377 ipsis

97 3385 131 3434 16
150 3395 218 3433 nam
236 3381 269 3432 66
286 3388 310 3430 Δ
335 3379 382 3432 Vt:
400 3394 443 3431 cm
461 3384 516 3428 BP
592 3381 623 3427 17
644 3373 741 3441 utique
756 3377 836 3430 -in
851 3377 1021 3444 quibusdam
1036 3381 1116 3435 addit

102 3452 136 3506 Vt
210 3454 243 3505 18
262 3449 304 3503 ita
312 3450 366 3550 ²del
385 3448 496 3512 Becher,
523 3445 578 3498 sita
598 3446 717 3516 Madcip
799 3454 832 3502 25
853 3450 886 3501 de
906 3449 958 3505 hcc
977 3467 1072 3506 verum
1089 3461 1113 3503 Δ

169 3527 203 3575 29
224 3521 264 3575 sic
283 3530 333 3573 P:
354 3519 377 3572 si
396 3528 448 3571 ΑΒ
