2438 3832
156 124 224 188 270
458 123 685 188 QVINTILIANI
701 123 793 180 INST.
813 123 870 180 OR.

158 292 302 368 adhiberi,
327 293 398 368 quid
420 294 658 369 proponendum,
689 313 779 370 quam
808 311 867 369 quo
899 292 987 352 modo
1020 295 1061 353 sit
1094 292 1175 368 quod

157 385 348 457 proposueris
371 382 569 457 probandum:
598 383 647 442 hic
669 383 760 442 immo
784 383 829 442 vis
858 383 1041 441 inventionis
1068 384 1174 458 maior,

158 474 236 530 certe
258 473 349 547 prior.
377 490 447 530 nam
470 475 506 530 ut
527 472 590 530 tela
616 490 802 547 supervacua
830 475 899 530 sunt
927 471 1073 530 nescienti
1101 471 1176 546 quid

158 564 250 636 petat,
280 563 322 619 310
345 564 529 638 argumenta,
561 561 620 619 nisi
649 561 823 636 provideris,
853 562 901 618 cui
929 561 973 618 rei
1005 560 1176 619 adhibenda

15 696 39 716 b
86 649 145 704 110
160 650 228 708 sint.
251 650 308 710 hoo
331 653 384 723 est,
408 649 487 724 quod
511 649 719 725 comprehendi
741 653 805 708 arte
827 669 887 709 non
909 650 1012 724 possit.
1037 650 1175 724 ideoque,
1199 670 1212 711 s

158 739 348 814 cumplures
372 737 475 796 eadem
498 738 664 812 didicerint,
687 738 843 816 generibus
868 741 1113 816 argumentorum
1137 740 1174 797 si-

159 827 282 886 milibus
304 831 441 886 utentur:
464 828 541 886 alius
565 828 624 886 alio
648 827 745 902 plura,
770 827 876 902 quibus
895 829 1008 901 utatur,
1031 828 1174 886 inveniet.

58 934 61 940 ·
160 919 200 976 sit
229 917 357 991 exempli
384 918 483 993 gratia
514 918 668 992 proposita
699 918 909 990 controversia,
942 934 1018 991 quae
1052 918 1175 974 minime

86 1007 143 1061 111
161 1023 330 1065 communes
367 1024 434 1064 oum
470 1005 537 1063 aliis
574 1004 762 1080 quaestiones
799 1004 901 1063 habet:
940 1000 1018 1063 ‘cum
1057 1004 1175 1064 Thebas

159 1095 313 1153 evertisset
326 1093 503 1166 Alexander,
516 1095 632 1152 invenit
649 1092 779 1167 tabulas,
798 1093 904 1168 quibus
924 1095 1041 1152 centum
1057 1094 1176 1152 talenta
1188 1115 1214 1156 10

159 1186 264 1242 mutua
287 1182 437 1242 Thessalis
461 1181 576 1241 dedisse
600 1177 760 1241 Thebanos
775 1182 991 1241 continebatur.
1015 1182 1079 1257 has,
1104 1182 1176 1257 quia

159 1275 224 1331 erat
238 1290 309 1331 usus
323 1272 499 1331 commilitio
518 1271 736 1345 Thessalorum,
750 1271 875 1330 donavit
891 1270 938 1330 his
951 1270 1046 1329 ultro:
1070 1275 1176 1348 postea

159 1363 295 1420 restituti
318 1381 336 1420 a
360 1359 510 1419 Casandro
540 1360 675 1418 Thebani
701 1364 860 1434 reposcunt
890 1360 1056 1418 Thessalos.
1095 1360 1176 1435 apud

159 1451 395 1526 Amphictyonas
420 1443 541 1526 agitur’.
576 1452 693 1507 centum
724 1448 839 1507 talenta
872 1451 902 1507 et
932 1448 1093 1507 credidisse
1126 1467 1176 1508 eos

88 1540 146 1595 112
162 1542 278 1598 constat
301 1543 330 1597 et
353 1557 412 1596 non
434 1538 588 1612 recepisse.
611 1538 649 1596 113
669 1539 765 1596 omnis
784 1557 819 1594 ex
838 1556 882 1611 eo,
906 1537 985 1612 quod
1004 1535 1177 1596 Alexander
1189 1557 1214 1599 rs

158 1647 193 1686 ea
217 1628 366 1686 Thessalis
397 1626 521 1686 donasse
552 1626 673 1700 dicitur,
704 1626 821 1700 pendet.
852 1628 970 1685 constat
997 1625 1075 1685 illud
1103 1646 1175 1702 quo-

160 1736 226 1791 que,
249 1735 308 1774 non
332 1733 394 1774 esse
416 1716 454 1773 iis
478 1713 514 1773 ab
538 1714 708 1772 Alexandro
730 1715 890 1789 pecuniam
913 1715 1029 1773 datam:
1059 1718 1176 1790 quaeri-

158 1810 208 1865 tur
231 1824 310 1882 erge,
335 1823 373 1862 an
395 1804 519 1878 preinde
543 1806 583 1862 sit
606 1803 686 1878 quod
709 1803 812 1861 datum
836 1808 888 1876 est,
913 1822 947 1861 ac
971 1805 998 1862 si
1016 1807 1176 1879 pecuniam

87 1896 145 1951 113
160 1893 294 1953 dederit?
334 1893 406 1968 quid
445 1892 609 1968 proderunt
644 1895 885 1969 argumentorum
914 1893 981 1966 loci,
1012 1894 1073 1951 nisi
1102 1894 1176 1952 haec

158 1986 241 2060 prius
264 1983 376 2055 videre,
399 1981 475 2038 nihil
498 2000 564 2038 eum
588 1982 682 2057 egisse
706 1980 855 2055 donando,
882 2000 943 2039 non
966 1982 1102 2056 potuisse
1126 1980 1176 2039 do·
1189 2002 1214 2041 ro

159 2093 239 2148 nare,
270 2091 330 2131 non
363 2068 507 2129 donasse?
554 2072 583 2128 et
614 2070 712 2143 prima
745 2069 865 2144 quidem
897 2071 974 2128 actio
1008 2070 1108 2129 facilis
1143 2089 1177 2129 ao

158 2161 333 2220 favorabilis
360 2161 558 2234 repetentium
587 2160 664 2232 iure,
696 2158 774 2232 quod
806 2159 838 2216 vi
870 2160 910 2216 sit
942 2158 1092 2216 ablatum:
1126 2159 1176 2218 sed

159 2252 228 2308 hinc
251 2268 357 2325 aspera
381 2250 411 2306 et
433 2248 590 2306 vehemens
615 2249 749 2320 quaestio
778 2246 909 2304 exoritur
938 2246 973 2305 de
1001 2249 1067 2306 iure
1094 2247 1176 2320 belli,

159 2338 325 2397 dicentibus
349 2337 499 2396 Thessalis
522 2336 577 2394 boc
600 2354 700 2412 regna,
724 2335 859 2410 populos,
882 2335 954 2393 fines
974 2339 1111 2412 gentium
1132 2339 1176 2395 at-

88 2426 146 2482 114
162 2447 218 2503 que
241 2426 360 2484 urbium
384 2426 537 2484 contineri.
561 2423 772 2482 inveniendum
795 2427 898 2482 contra
921 2426 975 2497 est,
1000 2444 1059 2499 quo
1084 2424 1213 2484 distetis

161 2518 234 2574 haee
262 2533 352 2573 eausa
380 2534 398 2572 a
426 2513 544 2587 ceteris,
573 2531 647 2586 quae
674 2512 706 2569 in
733 2515 912 2587 potestatem
940 2512 1064 2572 victoris
1093 2514 1175 2572 veni·

160 2608 235 2677 rent,
263 2621 315 2661 nec
348 2601 426 2660 circa
457 2601 664 2676 probationem
693 2619 739 2660 res
768 2601 883 2675 haeret,
915 2600 967 2659 sed
997 2604 1077 2660 circa
1106 2621 1177 2678 pro-

159 2692 346 2767 positionem.
371 2689 502 2748 dieamus
525 2692 557 2747 in
580 2691 697 2764 primis:
727 2689 760 2746 in
788 2708 831 2762 eo,
860 2690 939 2763 quod
967 2691 999 2746 in
1029 2691 1177 2749 iudicium
1210 2699 1212 2703 '

161 2778 268 2837 deduci
290 2781 397 2854 potest,
420 2779 496 2835 nihil
518 2778 618 2837 valere
640 2779 688 2835 ius
707 2777 787 2850 belli,
810 2796 864 2836 nec
883 2779 974 2836 armis
994 2783 1099 2853 erepta
1117 2781 1177 2838 nisi

161 2870 251 2927 armis
274 2885 359 2941 posse
383 2866 513 2923 retineri.
541 2868 652 2940 itaque,
688 2866 741 2924 ubi
772 2866 825 2923 illa
857 2866 987 2939 valeant,
1017 2886 1078 2926 non
1112 2887 1176 2927 esse
1190 2889 1215 2930 oo

88 2957 146 3013 115
160 2957 301 3015 iudicem:
324 2953 378 3011 ubi
400 2953 488 3010 iudex
512 2956 560 3026 sit,
583 2954 637 3011 illa
659 2954 734 3011 nihil
758 2955 865 3012 valere.
888 2956 944 3012 hoc
961 2957 1177 3015 inveniendum

160 3048 214 3118 est,
237 3047 272 3101 ut
295 3041 430 3100 adhiberi
452 3043 548 3115 possit
571 3044 792 3118 argumentum:
821 3042 888 3100 ideo
918 3045 1063 3118 captivos,
1094 3047 1121 3104 si
1145 3047 1178 3104 in

160 3124 291 3212 patriam
314 3148 399 3188 suam
422 3128 571 3202 redierint,
594 3129 703 3188 liberos
723 3148 794 3202 esse,
819 3133 890 3205 quia
908 3131 987 3190 bello
1005 3135 1097 3207 parta
1115 3153 1177 3192 non

232 3360 247 3407 2
266 3348 493 3422 proposuerimus
511 3357 534 3399 A
555 3350 559 3415 Ι
579 3348 665 3402 immo
683 3359 745 3403 AB:
770 3351 869 3404 sinon
887 3361 914 3403 P
931 3352 1045 3406 omnino
1064 3365 1104 3407 ab

161 3427 262 3480 3sunt
281 3433 316 3477 1³:
337 3421 393 3474 sint
411 3427 463 3471 AB
533 3418 641 3471 lolius
660 3437 721 3473 cum
738 3438 786 3475 ras
804 3430 826 3472 A
846 3421 919 3475 alius
938 3425 970 3476 111
989 3433 1016 3476 Ρ
1089 3432 1122 3480 15
1143 3443 1179 3480 ea

146 3498 245 3552 113Αο
319 3498 354 3550 23
374 3488 504 3563 quaestio
523 3488 670 3543 vehemens
689 3500 712 3541 A
782 3497 816 3544 26
835 3492 929 3546 venire
948 3494 1040 3551 solent
1059 3497 1179 3553 Meister
