2460 3854
404 139 450 195 lv.
471 145 629 208 ars-17.
657 147 780 208 4‚1-8.
1040 144 1106 208 227

122 307 192 383 utilis,
219 306 270 367 ubi
304 328 351 368 res
386 309 505 368 defendi
540 328 600 369 non
638 314 738 388 potest
769 316 800 370 et
827 311 863 370 de
892 311 958 370 iuro
990 313 1107 388 quaeri·

119 399 161 470 tur,
188 400 220 456 ut
241 417 295 475 pro
326 417 372 473 eo,
402 399 456 474 qui
481 400 639 474 pecuniam
670 401 820 476 privatam
849 399 886 459 de
916 402 1030 477 templo
1060 421 1108 461 su·

118 487 184 544 stulit
201 480 361 565 ‘sacrilegii
380 489 489 564 agitur,
513 487 549 545 de
567 489 724 566 sacrilegio
738 485 939 566 cognoscitis',
961 494 996 549 ut
1017 490 1107 550 iudex

115 573 252 654 intellegat
273 576 306 634 id
327 596 420 634 unum
442 595 505 636 esse
529 576 621 636 officii
648 578 695 636 sui
718 597 870 653 quaerere,
897 597 937 637 an
958 579 999 652 id,
1027 580 1107 655 quod

95 662 232 740 relicitur,
253 665 441 743 sacrilegium
464 665 512 725 sit.
534 667 608 724 item
626 666 658 724 in
672 669 768 727 cauus
782 667 914 726 obscuris
933 668 1141 727 1111111114

110 753 230 828 plicibus,
252 773 307 813 nec
331 772 446 830 semper
468 758 591 830 propter
612 755 669 816 hoc
691 756 797 830 solum,
824 760 859 814 ut
882 758 922 814 sit
944 776 1035 818 causa
1061 759 1106 816 lu-

109 842 202 918 cidior,
236 843 287 903 sed
320 843 482 918 aliquando
514 844 615 919 etiam,
647 847 683 902 ut
713 847 811 923 magis
843 850 970 905 moreat.
1007 850 1108 906 movet

107 934 204 1008 autem,
227 934 254 992 si
277 933 413 1008 protinus
436 933 632 991 subtexantur
654 934 766 1010 aliqua,
788 953 865 1010 quae
887 937 1018 1011 prosint:
1048 930 1108 994 ‘lex

105 1024 195 1097 aperte
219 1022 333 1096 scripta
355 1025 409 1096 est,
435 1026 470 1080 ut
492 1025 681 1101 peregrinus,
708 1023 760 1099 qui
786 1043 904 1081 murum
933 1024 1108 1096 ascenderit,

78 1130 94 1169 rc
103 1114 187 1170 morte
205 1111 364 1168 multetur:
382 1111 572 1188 peregrinum
589 1115 620 1170 te
634 1129 697 1170 esse
711 1116 824 1171 certum
839 1116 897 1171 est:
920 1113 993 1187 quin
1007 1132 1108 1172 ascen·

48 1242 50 1281 ;
102 1198 170 1259 deris
202 1220 323 1258 murum
352 1219 412 1258 non
442 1202 609 1275 quaeritur:
643 1201 716 1274 quid
744 1205 887 1275 superest,
923 1202 983 1259 nisi
1013 1205 1049 1260 ut
1077 1206 1108 1260 te

100 1290 193 1363 puniri
218 1285 387 1365 oporteat?'
417 1288 490 1348 haec
513 1289 591 1348 enim
619 1289 785 1364 propositio
813 1291 1028 1349 confessionem
1056 1290 1109 1347 ad·

99 1380 217 1437 versarii
240 1380 350 1455 premit
373 1381 403 1436 11
425 1377 556 1453 quodam
577 1379 666 1436 modo
693 1378 847 1436 iudicandi
875 1397 990 1437 moram
1017 1380 1108 1453 tollit,

100 1486 146 1526 nec
168 1467 285 1526 indicat
307 1466 520 1543 quaestionem,
543 1466 595 1525 sed
618 1467 750 1526 adiuvat.

74 1575 90 1612 a
160 1557 239 1615 Sunt
262 1559 364 1615 autem
386 1556 605 1632 propositiones
628 1558 659 1614 et
682 1555 831 1631 simplices
855 1559 886 1614 et
908 1556 1041 1631 duplices
1059 1557 1144 1615 velt>

99 1646 284 1722 multiplices
313 1645 391 1721 quod
415 1645 525 1704 accidit
553 1663 612 1704 non
643 1664 703 1703 uno
731 1645 826 1703 modo.
859 1664 930 1703 nam
961 1648 992 1703 et
1020 1646 1109 1721 plura

98 1736 220 1792 crimina
242 1735 421 1811 iunguntur,
450 1737 486 1793 ut
509 1752 576 1793 oum
599 1734 735 1793 Socrates
759 1736 915 1792 accusatus
946 1737 998 1808 est,
1030 1736 1109 1810 quod

97 1826 297 1899 corrumperet
318 1825 507 1882 iuventutem
534 1825 565 1881 et
594 1840 686 1882 novas
719 1825 945 1898 superstitiones
974 1824 1108 1882 introdu-

97 1915 185 1971 ceret:
210 1915 241 1971 et
264 1914 384 1990 singula
407 1932 442 1970 ex
465 1912 602 1987 pluribus
626 1912 819 1989 colliguntur,
846 1915 882 1970 ut
905 1931 972 1970 cum
995 1911 1108 1989 legatio

68 2003 169 2061 romale
203 2005 289 2079 gesta
320 2001 450 2060 obicitur
479 2001 628 2074 Aeschini,
661 2002 740 2075 quod
773 2003 915 2059 mentitus
948 2002 997 2074 sit,
1029 2001 1109 2075 quod

95 2092 168 2150 nihil
210 2110 245 2149 ex
286 2089 437 2149 mandatis
473 2090 590 2165 fecerit,
633 2089 713 2164 quod
753 2092 887 2148 moratus
930 2089 983 2162 sit,
1030 2089 1109 2164 quod

94 2199 217 2238 munera
241 2181 397 2255 acceperit.
425 2181 573 2238 recusatio
596 2198 716 2254 quoque
739 2179 835 2254 pluris
857 2179 979 2236 interim
1001 2180 1142 2253 propo-6

95 2270 215 2328 sitiones
234 2268 333 2344 habet,
358 2271 392 2327 ut
411 2271 514 2327 contra
537 2269 715 2344 petitionem
732 2269 890 2343 pecuniae:
911 2262 999 2324 ‘male
1017 2269 1108 2342 petis:

93 2360 318 2432 procuratorem
342 2357 421 2415 enim
443 2357 501 2415 tibi
531 2376 593 2416 esse
620 2376 681 2415 non
712 2357 812 2415 licuit:
842 2356 894 2415 sed
925 2375 1021 2430 neque
1053 2357 1109 2430 illi,

57 2457 80 2500 25
95 2450 177 2505 cuius
200 2447 320 2505 nomine
343 2446 456 2523 litigas,
478 2447 586 2505 habere
608 2448 848 2522 procuratorem3
871 2445 922 2503 sed
945 2464 1040 2520 neque
1064 2447 1110 2503 est

92 2537 176 2595 heres
201 2538 274 2610 eius,
307 2554 325 2593 a
349 2554 406 2610 quo
431 2537 579 2610 accepisse
609 2539 745 2594 mutuam
772 2536 867 2612 dicor,
900 2534 952 2592 sed
974 2552 1028 2592 neo
1050 2535 1110 2610 ipsi

92 2620 203 2683 debui'.
235 2624 432 2700 multiplicari
453 2625 527 2683 haec
549 2627 581 2683 in
611 2629 758 2700 quantum
788 2625 863 2683 libet
894 2626 1027 2699 possunt,
1058 2624 1145 2682 sed?

91 2734 155 2772 rem
180 2714 344 2774 ostendisse
367 2715 439 2773 satis
464 2717 516 2772 est.
547 2714 604 2771 hae
635 2716 661 2772 si
690 2718 841 2788 ponant-ur
872 2714 1009 2790 singulae
1040 2713 1109 2771 sub-

91 2804 178 2862 iectis
193 2803 428 2879 probationibus,
442 2804 542 2879 plures
558 2804 628 2861 sunt
641 2803 872 2877 propositiones:
887 2803 912 2860 si
927 2804 1109 2878 coniungan-

49 2904 78 2953 ³0
92 2897 151 2969 tur,
175 2894 208 2949 in
231 2892 425 2968 partitionem
447 2892 567 2950 cadunt.

160 2981 217 3040 Est
241 2984 271 3038 et
294 2980 374 3039 nuda
397 2980 574 3057 propositio,
598 2978 696 3053 qualis
720 2980 780 3038 fere
803 2983 835 3038 in
858 2979 1107 3038 coniecturalibus
1127 2978 1144 3033 8

91 3067 204 3130 ‘caedis
243 3090 312 3148 ago,
349 3071 462 3128 furtum
500 3062 621 3127 obicio':
659 3069 705 3125 est
740 3070 855 3127 ratione
893 3069 1038 3141 subiecta,
1076 3071 1110 3125 ut

166 3311 250 3365 lubi
269 3321 292 3363 A
313 3313 346 3366 Vt
361 3330 383 3380 p
401 3316 466 3365 417:
494 3308 646 3378 praecipue
664 3305 714 3359 ubi
734 3309 803 3378 ΒΡΙ
820 3311 849 3362 11
866 3318 889 3360 A
912 3309 961 3361 Vt:
979 3324 1021 3362 om
1039 3308 1107 3381 BP}

89 3386 217 3440 iureBP
235 3384 282 3438 Vt:
300 3383 355 3436 fine
373 3393 396 3435 A
471 3388 503 3435 15
519 3383 548 3434 et
562 3377 704 3447 simplices
718 3380 747 3431 et
761 3379 800 3450 d.]
815 3379 957 3449 simplices
972 3381 1037 3432 sunt
1051 3379 1110 3448 ple-

88 3471 211 3522 rumque
231 3453 357 3522 duplices
376 3464 399 3506 A
472 3458 505 3505 14
524 3450 735 3521 procuratorem
752 3459 804 3502 ΔΡ
826 3452 872 3505 Vt:
889 3451 1064 3519 procuratori
1082 3461 1111 3505 B

166 3531 200 3579 '26
216 3528 259 3578 est
272 3535 329 3577 Po:
345 3541 373 3579 es
387 3531 495 3578 ABnN
504 3524 531 3580 ei
545 3533 589 3590 Ba
662 3523 696 3574 ‘db
709 3523 845 3577 mutuum
859 3530 906 3577 Al*
917 3521 1000 3590 tacu
1009 3537 1056 3574 out
1068 3531 1120 3571 ur

920 3610 977 3665 tu*

621 3784 671 3793 ..ι-.-
