2438 3832
156 129 223 194 290
491 130 718 196 QVINTILIANI
735 129 826 186 lNST.
846 130 903 187 ΟΒ.

156 300 233 357 lium
256 301 411 358 aecusator
432 299 502 358 leoti
522 318 540 357 a
558 301 680 360 tribuno
700 301 809 360 oodiois
827 302 1001 376 pollicetur:
1024 302 1100 360 facit
1117 302 1175 361 hoe

159 386 261 447 Qioero
281 406 506 464 supervacuum,
524 389 596 464 quia
614 391 678 465 ipse
697 391 836 450 fateatur.
855 391 934 466 petit
953 393 1175 450 accusationem

158 476 190 534 in
212 473 336 536 verrem
360 476 392 545 Q.
417 475 571 552 Caecilius,
595 479 674 554 quod
697 480 797 539 fuerat
816 483 955 554 quaestor
974 481 1051 539 eius:
1074 482 1174 556 ipsum

106 575 143 628 19
160 564 262 625 (licere
285 570 320 625 ut
341 585 396 642 pro
420 585 451 626 se
474 567 624 626 videretur
648 567 752 627 effecit.
776 572 882 643 uetera,
905 587 983 644 quae
1002 587 1173 644 proponun-

156 657 215 729 tur,
233 657 397 714 eommunis
410 656 493 715 loeus
506 655 604 716 habet.
624 659 677 715 aut
691 659 768 716 enim
784 659 953 716 oonieotura
972 660 1173 731 excutiuntur,
1199 676 1212 717 e

159 762 196 802 an
220 763 291 804 vera
314 745 383 817 sint,
407 747 460 803 aut
482 744 625 819 finitione,
649 764 686 803 an
709 747 839 822 propria,
869 749 924 805 aut
947 746 1106 822 qualitate,
1135 767 1173 806 an

157 833 323 906 inhonesta,
346 834 461 909 iniqua,
493 834 629 908 inproba,
652 834 828 909 inhumana,
857 835 989 894 crudelia
1012 839 1042 894 et
1066 839 1174 908 uetera,

105 929 235 996 aequae
259 924 288 980 ei
310 923 411 998 generi
435 923 580 982 aeeidunt.
605 942 697 998 eaque
721 942 780 982 non
803 924 891 982 modo
910 924 941 982 in
958 926 1173 1000 propositioni-

158 1009 213 1069 bus
237 1013 289 1069 aut
310 1010 487 1085 rationibus,
517 1011 568 1069 sed
590 1013 623 1070 in
645 1015 711 1071 toto
734 1032 840 1089 genere
864 1013 990 1072 aetionis
1013 1013 1173 1073 intuenda:

158 1118 195 1157 an
220 1100 260 1158 sit
284 1099 419 1173 erudelis,
442 1103 478 1158 ut
501 1099 625 1159 Labieni
643 1100 674 1159 in
692 1101 848 1160 Rabirium
865 1101 930 1178 lege
948 1101 1174 1177 perduellionis,
1187 1121 1213 1161 ιο

158 1189 329 1261 inhumana,
357 1191 393 1246 ut
416 1188 579 1248 Tuberonis
607 1189 761 1267 Ligarium
792 1191 907 1248 exulem
936 1193 1105 1250 accusantis
1130 1196 1173 1250 at·

159 1295 215 1352 que
243 1278 274 1335 id
309 1279 433 1354 agentis,
462 1297 499 1336 ne
529 1279 556 1335 ei
587 1276 696 1338 Caesar
724 1282 868 1358 ignosoat,
898 1279 1037 1354 superba,
1069 1283 1106 1338 ut
1141 1283 1174 1338 in

159 1363 288 1441 Oppium
317 1386 352 1425 ex
380 1367 509 1441 epistula
537 1366 641 1426 Cottae
669 1387 754 1426 reum
782 1370 908 1427 factum:
936 1369 1059 1443 perinde
1087 1389 1174 1445 prae·

106 1463 142 1517 21
159 1454 273 1530 cipites,
302 1455 471 1523 insidiosae,
501 1458 669 1531 inpotentes
700 1456 965 1532 deprehenduntur.
997 1476 1032 1515 ex
1066 1458 1173 1534 quibus

158 1546 258 1601 tamen
282 1543 444 1602 fortissime
466 1546 620 1620 invaseris,
650 1546 729 1621 quod
753 1549 797 1604 est
820 1547 873 1605 aut
896 1545 1033 1604 omnibus
1057 1548 1213 1622 periou-1s

158 1633 264 1706 losum,
287 1635 323 1691 ut
346 1632 419 1691 dicit
443 1631 544 1692 Oieero
567 1653 622 1709 pro
646 1634 758 1693 Tullio:
787 1630 865 1710 ‘quis
888 1634 944 1694 hoe
971 1637 1082 1694 statuit
1109 1655 1173 1694 urn-

159 1739 249 1796 quam
273 1724 325 1780 ant
349 1723 397 1780 eui
420 1723 540 1781 concedi
563 1725 626 1781 sine
641 1741 756 1782 summo
771 1725 903 1782 omnium
918 1724 1050 1798 perieulo
1064 1727 1174 1800 potest,

158 1813 193 1868 ut
216 1829 283 1868 eum
305 1813 370 1869 iure
392 1813 525 1886 potuerit
549 1812 690 1885 oeeidere,
723 1832 740 1870 a
764 1830 822 1887 quo
852 1813 992 1870 metuisse
1022 1830 1054 1871 se
1083 1812 1174 1887 dicat,

158 1918 195 1957 ne
218 1899 281 1973 ipse
306 1901 451 1974 posterius
475 1896 688 1959 oceideretur‘l'
714 1905 766 1960 aut
788 1903 862 1975 ipsis
880 1900 1037 1975 iudicibus,
1060 1905 1096 1960 ut
1119 1921 1173 1979 pro

159 1986 256 2063 Oppio
280 1991 381 2047 monet
403 1989 553 2063 pluribus,
579 2009 616 2048 ne
646 1990 723 2048 illud
751 1990 876 2049 aetionis
904 2008 995 2067 genus
1023 1991 1056 2048 in
1085 2010 1173 2066 eque·
1188 2009 1213 2049 so

106 2085 143 2140 22
158 2081 249 2137 stram
277 2078 411 2136 ordinem
440 2078 608 2137 admittant.
643 2097 867 2153 nonnumquam
893 2081 995 2137 tamen
1023 2080 1173 2153 quaedam

158 2166 232 2224 bene
257 2170 286 2225 et
310 2169 538 2226 contemnuntur
567 2168 615 2227 vel
644 2169 797 2242 tamquam
827 2168 907 2226 levia
938 2168 988 2226 vel
1014 2170 1173 2243 tamquam

159 2255 197 2313 ad
221 2273 342 2315 oausam
364 2256 440 2314 nihil
464 2255 651 2331 pertinentia.
674 2256 777 2315 multis
801 2256 857 2315 boe
875 2257 948 2315 loeis
966 2256 1041 2315 fauit
1061 2255 1172 2316 Oioero.

159 2345 284 2404 ethaeo
307 2345 458 2403 simulatio
482 2347 601 2403 interim
628 2345 687 2402 hue
719 2363 811 2419 usque
844 2344 987 2420 procedit,
1019 2347 1062 2418 ut,
1096 2365 1173 2422 quae

159 2433 284 2492 dicendo
302 2434 434 2492 refutare
452 2453 512 2492 non
530 2452 695 2509 possumus,
714 2433 801 2509 quasi
820 2433 999 2493 fastidiendo
1014 2433 1171 2493 calcemus.
1187 2452 1212 2493 ss

105 2529 143 2583 23
227 2522 374 2592 Quoniam
397 2541 466 2580 vero
489 2523 620 2581 maxima
643 2541 711 2598 pars
740 2541 840 2581 eorum
869 2522 1016 2582 similibus
1045 2526 1172 2598 constat,

158 2612 327 2669 rimandum
358 2613 414 2669 erit
443 2610 678 2690 diligentissime,
709 2611 781 2686 quid
804 2613 845 2669 sit
872 2611 904 2669 in
934 2630 1062 2687 quoque,
1091 2612 1173 2688 quod

161 2699 338 2773 adsumitur,
362 2701 513 2759 dissimile.
537 2700 565 2758 in
590 2701 653 2759 iure
676 2701 765 2758 faeile
788 2700 991 2775 deprenditur:
1020 2703 1065 2760 est
1092 2701 1172 2760 euim

159 2790 304 2863 seriptum
327 2789 362 2847 de
385 2789 472 2848 rebus
500 2789 605 2865 utique
634 2788 767 2862 diversiS,
794 2792 939 2864 tantoque
966 2791 1064 2867 magis
1091 2791 1173 2866 ipsa·

231 2975 765 3040 mamm-mnnmsn

231 3157 246 3204 3
267 3151 296 3216 Q.
317 3162 354 3206 P:
374 3153 404 3206 L.
424 3162 476 3205 ΑΒ
578 3158 593 3206 5
612 3153 690 3207 loeus
709 3170 752 3208 om
770 3162 824 3207 BP
841 3155 1012 3222 (communes
1030 3152 1108 3209 loeos
1122 3154 1172 3208 ha-

158 3223 226 3276 bent
240 3245 260 3275 a
274 3225 334 3292 edd)
408 3230 424 3278 8
444 3225 470 3278 ei
484 3241 526 3278 om
540 3235 562 3277 Δ
579 3227 583 3292 Ι
600 3224 743 3296 accidunt]
758 3224 912 3278 succedunt
925 3224 962 3276 A*
978 3227 982 3294 Ι
997 3225 1082 3278 modo
1097 3242 1140 3280 om
1150 3236 1172 3278 Α

231 3295 295 3348 lin
314 3313 356 3350 om
374 3305 403 3349 B
465 3301 497 3348 13
516 3295 632 3365 perinde
653 3295 768 3350 Gesner:
785 3295 903 3365 proinde
968 3301 1001 3348 19
1020 3297 1172 3368 posterius]

158 3365 254 3436 potius
272 3368 414 3422 Frenetes
431 3367 509 3436 prius
529 3368 732 3437 Capperouoier
832 3371 864 3419 23
883 3365 952 3420 fecit
970 3376 993 3419 Δ
1090 3373 1124 3421 sl
1144 3371 1174 3422 et

153 3438 336 3492 A:sed151’
407 3445 440 3514 26
458 3453 522 3492 vero
542 3447 604 3492 121¹:
624 3437 653 3490 in
672 3438 869 3491 hasaritvero
890 3447 931 3490 Ab
953 3439 989 3506 (q.
1008 3455 1033 3492 v.
1049 3439 1175 3493 maxima

140 3527 214 3579 pars
235 3512 435 3568 adsumtorum
455 3509 598 3568 similibus
617 3511 730 3564 onustat
748 3509 843 3576 Holust
