2460 3854
489 128 535 182 vr.
556 134 580 198 a,
600 133 714 184 ar-rs.
1044 127 1116 192 343*

94 298 271 358 Dolabellae
294 297 410 356 dicente
433 299 559 376 triginta
582 316 613 357 se
636 317 729 358 annos
752 298 876 357 habere:
900 291 1015 356 ‘verum
1043 292 1110 371 est',

94 389 205 464 inquit,
238 382 319 445 ‘nam
346 387 403 446 hoc
429 388 514 446 illam
541 389 604 446 iam
630 387 741 465 viginti
773 389 859 446 annis
891 381 1002 445 audio'.
1035 387 1112 445 belle
1128 384 1164 440 74

94 479 219 536 interim
241 475 387 535 subicitur
409 496 463 551 pro
488 495 531 551 eo,
554 477 635 552 quod
653 495 752 554 neges,
775 476 859 534 aliud
876 476 1055 550 mordacius,
1078 479 1113 534 ut

95 566 201 625 Iunius
224 565 344 639 Bassus,
368 569 509 640 querente
532 565 666 625 Domitia
689 566 837 638 Passieni,
865 565 945 640 quod
972 565 1112 623 incusans

69 658 160 714 scius
188 654 288 713 sordes
322 654 435 714 calceos
466 673 532 713 eam
563 658 676 714 veteres
706 654 818 713 diceret
840 655 967 712 vendere
999 653 1113 712 solere:

97 739 170 803 ‘non
184 738 388 817 mehercules',
402 745 511 819 inquit,
535 739 602 802 ‘hoe
621 762 765 819 umquam
778 744 849 818 dixi,
873 743 925 802 sed
939 743 1003 800 dixi
1016 761 1113 801 emere

94 836 125 892 te
149 828 266 892 solere'.
297 833 498 891 defensionem
520 833 656 892 imitatus
680 836 726 892 est
748 850 838 908 eques
866 832 1033 906 Romanus,
1061 833 1114 907 qui

96 921 239 982 obicienti
265 920 408 998 Augusto,
433 922 512 998 quod
534 924 749 998 patrimonium
768 922 958 980 comedisset:
982 914 1114 994 ‘meum',

94 1011 203 1086 inquit,
227 1005 365 1086 ‘putavi'.
388 1011 526 1070 elevandi
548 1012 626 1070 ratio
650 1014 695 1070 est
718 1011 837 1086 duplex,
859 1013 894 1069 ut
917 1013 972 1069 aut
989 1012 1114 1068 nimiam
1131 1009 1167 1064 75

59 1120 82 1159 ιο
96 1102 164 1176 quis
187 1101 363 1159 iactantiam
385 1102 502 1158 minuat
520 1092 624 1181 (quem
648 1100 687 1159 ad
709 1100 830 1160 modum
849 1098 879 1157 O.
900 1097 1009 1158 Caesar
1027 1099 1113 1158 Pom-

94 1192 186 1266 ponio
215 1188 384 1248 ostendenti
407 1189 514 1248 vulnus
545 1208 595 1248 ore
623 1192 777 1264 exceptum
809 1191 841 1246 in
872 1189 1017 1248 seditione
1046 1187 1113 1246 Sul·

95 1278 225 1355 piciana,
248 1278 327 1353 quod
352 1280 377 1336 is
396 1297 427 1338 se
440 1282 562 1354 passum
580 1298 635 1355 pro
656 1276 781 1338 Caesare
798 1282 984 1354 pugnantem
1002 1277 1112 1354 gloria·

94 1369 197 1427 batur:
221 1361 395 1443 ‘numquam
417 1368 535 1445 fugiens
557 1362 752 1443 respexerisl'
775 1359 890 1447 inquit)
921 1369 975 1425 aut
1001 1367 1112 1425 crimen

96 1457 258 1530 obiectum,
301 1459 336 1514 ut
376 1455 478 1515 Cicero
516 1456 756 1533 obiurgantibus,
786 1455 867 1531 quod
903 1457 1112 1533 sexagenarius

58 1565 81 1604 rs
95 1545 259 1604 Publiliam
276 1545 424 1623 virginem
443 1545 588 1604 duxisset:
613 1541 689 1604 ‘cras
702 1545 810 1603 mulier
829 1540 907 1617 erit',
925 1547 1032 1620 inquit.
1057 1546 1113 1602 hoe
1129 1542 1165 1596 76

95 1654 189 1712 genus
222 1632 295 1692 dicti
327 1653 508 1710 consequens
544 1635 654 1694 vocant
683 1634 819 1709 quidam,
856 1636 961 1708 estque
998 1633 1046 1691 illi
1073 1634 1112 1692 si-

96 1724 176 1797 mile,
196 1723 276 1799 quod
295 1722 397 1783 Cicero
416 1722 584 1798 Curionem,
603 1742 719 1799 semper
738 1723 775 1781 ab
795 1723 983 1782 excusatione
1002 1722 1112 1782 aetatis

95 1814 297 1889 incipientem,
320 1813 438 1872 facilius
462 1813 586 1872 cottidie
604 1813 790 1888 prooemium
808 1811 916 1870 habere
932 1811 1017 1886 dixit,
1040 1813 1112 1887 quia

95 1903 155 1962 ista
185 1904 294 1960 natura
326 1904 410 1976 sequi
440 1904 471 1960 et
503 1902 659 1960 cohaerere
691 1901 859 1961 videantur.
892 1901 944 1960 sed
974 1900 1110 1960 elevandi
1128 1898 1164 1954 77

54 2010 81 2050 ao
96 2010 190 2068 genus
215 1994 260 2049 est
282 1991 374 2049 etiam
397 2009 552 2049 causarum
576 1991 693 2064 relatio,
717 2010 776 2065 qua
802 1987 903 2048 Cicero
928 1993 974 2049 est
995 2008 1066 2049 usus
1080 1991 1112 2047 in

95 2080 262 2140 Vatinium.
296 2082 349 2155 qui
370 2080 497 2156 pedibus
525 2099 614 2156 aeger
644 2098 710 2138 cum
733 2079 826 2138 vellet
856 2078 952 2137 videri
984 2097 1111 2138 commo-

96 2171 189 2229 dioris
217 2169 398 2229 valetudinis
427 2170 525 2228 factus
559 2173 588 2228 et
615 2168 736 2242 diceret,
768 2187 799 2228 se
831 2169 893 2226 iam
924 2168 995 2226 bina
1027 2168 1112 2226 milia

95 2277 237 2335 passuum
252 2259 417 2316 ambulare:
442 2254 516 2317 ‘dies
536 2253 637 2330 enim’,
660 2258 768 2332 inquit,
792 2251 952 2334 ‘longiores
971 2252 1062 2316 sunt’.
1082 2259 1113 2315 et

95 2348 250 2426 Augustus
280 2347 490 2406 nuntiantibus
521 2346 804 2420 Terraconensibus,
836 2347 969 2422 palmam
999 2345 1031 2403 in
1059 2365 1112 2405 ara
1138 2386 1140 2390 ι

53 2455 80 2496 as
97 2439 160 2497 eius
185 2440 318 2495 enatam:
343 2432 501 2512 ‘apparet’,
529 2436 636 2511 inquit,
670 2430 772 2511 ‘quam
804 2453 892 2510 saepe
920 2431 1111 2494 accendatis’.

94 2527 253 2585 transtulit
276 2527 387 2584 crimen
412 2525 531 2584 Cassius
555 2525 694 2599 Severus3
718 2544 788 2583 nam
811 2543 878 2582 cum
902 2524 1111 2600 obiurgaretur
1128 2519 1164 2576 78

95 2635 113 2675 a
137 2617 284 2692 praetore,
307 2615 387 2690 quod
406 2615 545 2674 advocati
564 2614 627 2672 eius
646 2613 679 2672 L.
701 2613 780 2672 Varo
799 2613 952 2688 Epicurio,
976 2611 1116 2672 Caesaris·

95 2707 203 2779 amico,
226 2706 393 2764 convicium
410 2705 563 2763 fecissent:
584 2697 716 2776 ‘nescio',
734 2704 843 2778 inquit,
867 2698 932 2778 ‘qui
950 2703 1111 2762 conviciati

96 2795 166 2868 sint,
190 2797 221 2852 et
242 2796 317 2869 puto
342 2792 457 2852 Stoicos
479 2786 592 2851 fnisse'.

55 2902 81 2941 ao
163 2882 393 2958 Reparcutiendi
410 2883 507 2941 multa
525 2883 595 2940 sunt
618 2901 736 2958 genera,
759 2880 1012 2954 venustissimum,
1031 2880 1111 2955 quod

95 2973 187 3031 etiam
218 2971 414 3030 similitudine
441 2971 544 3046 aliqua
572 2970 656 3029 verbi
687 2970 855 3044 adiuvatur,
888 2973 923 3027 ut
945 2970 1110 3029 Trachalus

168 3237 182 3284 1
203 3230 314 3284 dicente
338 3231 488 3300 Spalding:
512 3229 618 3283 dicenti
727 3229 820 3281 tiam
839 3246 881 3282 om
903 3236 1005 3280 (ι’ΜιῬ

94 3309 110 3357 9
130 3301 248 3356 nimiam
267 3301 330 3370 quis
349 3303 479 3368 Deffrccr:
500 3301 611 3354 veniam
635 3300 697 3368 quis
722 3300 760 3352 Ρ1
778 3301 889 3352 veniam
912 3299 974 3368 quis
993 3302 1043 3353 aut
1060 3301 1112 3354 rell

176 3372 382 3427 15Pub1i1iam
408 3373 441 3426 ed
470 3372 569 3440 Camp:
596 3370 677 3441 publi
696 3391 711 3423 a
731 3391 746 3424 a
765 3381 788 3423 A
817 3371 961 3439 publicam
984 3381 1038 3423 GM
1059 3388 1110 3439 po-

93 3444 195 3515 pilium
209 3445 231 3514 (a'
248 3462 262 3499 a
280 3443 440 3514 Popliliam)
460 3452 510 3496 ΡΥ
633 3448 666 3495 lt
685 3443 794 3513 estque]
815 3444 900 3509 atque
919 3442 985 3496 libri

93 3523 127 3570 31
148 3516 303 3571 Trachalus
318 3517 461 3571 Businca:
478 3514 667 3569 trachallatus
685 3515 742 3582 scre
759 3515 827 3569 libri
