2460 3854
357 192 360 197 .
451 141 498 195 VI.
519 148 543 208 1,
563 146 677 196 26-36.
1008 141 1073 205 317

52 312 132 370 dari.
157 331 284 388 quarum
309 329 408 369 rerum
437 312 542 388 ingens
572 312 747 388 plerumque
776 313 822 372 vis
850 315 895 370 est
927 311 1010 370 velut
1032 310 1125 370 ,11181

52 421 121 459 rom
143 403 331 476 praesentem
353 403 468 459 animos
490 401 645 459 hominum
669 401 849 475 ducentium,
872 404 906 458 ut
929 400 1074 476 populum

54 490 226 551 Romanum
250 488 312 566 egit
333 489 366 547 in
388 490 519 564 furorem
541 494 697 565 praetexta
721 488 752 548 0.
777 487 911 549 Caesaris
935 489 1072 565 praelata

55 581 89 639 in
121 579 224 637 funere
258 582 387 636 cruenta.
421 579 533 639 sciebat
564 580 596 638 vi
627 579 817 638 interfectum
849 598 932 652 eum,
964 597 1072 654 corpus

20 689 44 728 s
57 669 186 744 denique
214 669 313 743 ipsum
342 669 508 742 inpositum
539 668 617 726 lecto
650 671 723 741 erat,
755 667 846 727 vestis
878 671 980 740 tamen
1018 668 1073 725 illa

58 757 202 836 sanguine
225 755 347 815 madens
369 758 414 815 ita
436 759 673 832 repraesentavit
696 758 858 833 imaginem
881 757 1008 831 sceleris,
1037 760 1073 816 ,ut

58 865 117 906 non
139 848 254 906 occisus
277 864 340 905 esse
362 845 481 918 Caesar,
504 846 638 905 sedtum
653 848 781 904 maxime
800 846 896 904 occidi
913 846 1072 904 videretur.
1122 856 1124 862 ⁴

58 935 191 996 sednon
219 935 286 993 ideo
317 936 514 1009 probaverim,
547 935 626 1011 quod
653 935 767 993 factum
796 937 828 993 et
856 936 923 1013 lego
951 938 981 993 et
1008 935 1072 1010 ipse
1087 931 1126 988 82

60 1023 221 1100 aliqnando
245 1024 320 1097 vidi,
346 1023 499 1098 depictam
529 1026 561 1082 in
592 1023 697 1082 tabula
730 1025 878 1099 sipariove
910 1023 1072 1100 imaginem

29 1115 110 1188 iorei,
133 1113 218 1172 ouius
242 1114 400 1172 atrocitate
423 1112 511 1171 iudex
535 1118 600 1172 erat
620 1113 863 1172 commovendus:
893 1131 969 1188 quae
993 1112 1072 1171 enim

60 1206 102 1262 est
124 1204 234 1261 actoris
252 1202 390 1274 infantia,
414 1202 466 1277 qui
484 1206 599 1260 mutam
619 1203 704 1260 illam
723 1202 852 1278 effigiem
870 1204 967 1278 magis
983 1221 1073 1277 quam

59 1293 223 1351 orationem
250 1311 305 1365 pro
333 1309 364 1350 se
386 1294 473 1366 putet
494 1288 684 1350 locuturam?
717 1294 749 1349 at
771 1291 873 1352 sordes
901 1295 931 1349 et
954 1291 1072 1367 squalo·
1087 1288 1126 1343 83

59 1400 119 1439 rem
143 1384 173 1439 et
195 1382 433 1455 propinquorum
456 1399 574 1455 quoqne
597 1379 723 1439 similem
752 1379 889 1438 habitum
916 1381 976 1438 scio
1004 1398 1073 1456 pro·

59 1471 158 1544 trisse,
182 1473 214 1528 et
233 1487 379 1546 magnum
401 1468 439 1528 ad
463 1470 590 1527 salntem
609 1471 793 1528 momentum
807 1488 909 1545 preces
928 1469 1072 1528 attulisse.

26 1577 46 1618 rr
60 1579 151 1634 quare
175 1562 205 1617 et
228 1558 392 1617 obsecratio
420 1558 474 1615 illa
502 1558 635 1616 iudicum
667 1578 721 1632 per
752 1559 905 1618 carissima
937 1557 1072 1636 pignora,

58 1650 161 1725 utique
186 1649 212 1706 si
239 1650 269 1706 et
290 1666 341 1705 reo
365 1648 426 1705 sint
449 1647 683 1721 liberi,⁷coniux,
715 1651 862 1722 parentes,
893 1648 976 1706 utilis
1007 1647 1073 1720 erit,

58 1741 87 1795 et
109 1737 233 1796 deorum
256 1737 354 1794 etiam
370 1736 520 1795 invocatio
544 1737 629 1794 velut
652 1755 686 1794 ex
708 1736 787 1794 bona
801 1735 982 1796 conscientia
1005 1755 1072 1812 pro·

57 1827 135 1886 fecta
157 1825 259 1885 videm
277 1825 362 1897 solet,
384 1828 513 1884 stratum
536 1824 663 1900 denique
686 1826 782 1884 iacere
810 1829 840 1884 et
867 1845 965 1902 genua
993 1842 1072 1884 oom·
1087 1820 1126 1876 84

57 1915 158 1990 plecti,
179 1915 239 1972 nisi
262 1914 288 1972 si
311 1917 412 1973 tamen
434 1932 562 1989 persona
584 1932 638 1973 nos
662 1917 692 1971 et
716 1918 784 1973 ante
808 1918 875 1973 acta
898 1917 963 1973 vita
981 1918 1011 1973 et
1028 1915 1072 1973 rei

18 2022 45 2064 ee
58 2002 192 2064 condicio
216 2002 404 2078 :prohibebit3
438 2003 597 2078 quaedam
613 2003 691 2062 enirn
719 2006 783 2063 tam
798 2003 930 2063 ,fortiter
961 2004 1073 2064 tuenda
1122 2039 1124 2043 ,

59 2113 149 2168 quam
172 2093 252 2150 faeta
276 2095 352 2150 sunt.
377 2111 479 2151 verum
503 2092 545 2151 sic
562 2092 700 2151 habenda
719 2095 764 2152 est
783 2094 971 2152 auctoritatis
984 2095 1072 2167 ratio,

57 2203 93 2241 ne
117 2185 158 2241 sit
180 2182 279 2239 invisa
309 2183 460 2240 securitas
489 2183 549 2240 fuit
578 2181 727 2258 quondam
759 2183 837 2240 inter
867 2181 940 2240 haec
971 2183 1073 2241 omnia
1086 2176 1125 2233 85

57 2272 313 2347 potentissimum,
359 2259 418 2346 quo
454 2271 487 2330 L.
529 2272 684 2331 Murenam
723 2269 824 2329 Cicero
862 2272 1071 2331 accusantibus

58 2360 230 2420 clarissimis
253 2360 325 2418 viris
349 2363 492 2436 eripuisse
514 2363 674 2437 praecipue
706 2360 827 2420 videtur
855 2361 1072 2436 persuasitque,

20 2450 135 2510 anihil
160 2466 222 2508 esse
241 2449 279 2507 ad
298 2453 485 2524 praesentem
503 2469 602 2508 rerum
616 2453 730 2510 statum
743 2449 850 2508 utilius
865 2449 888 2524 t
903 2468 993 2525 quam
1011 2452 1072 2524 pri·

58 2539 105 2597 die
128 2537 279 2596 Kalendas
307 2538 463 2597 Ianuarias
494 2538 621 2615 ingredi⁴
643 2539 838 2599 consulatum.
872 2538 952 2614 quod
978 2557 1072 2616 genus
1120 2571 1122 2575 ·

57 2629 168 2687 nostris
190 2627 494 2703 temporibustotum
517 2646 611 2703 paene
634 2627 787 2686 sublatum
810 2630 863 2701 est,
887 2647 954 2687 oum
973 2630 1073 2687 omnia

57 2736 146 2776 curae
169 2716 340 2790 tutelaeque
359 2714 446 2773 unius
464 2714 566 2773 innixa
584 2715 749 2789 periclitari
767 2718 850 2776 nullo
868 2717 974 2776 iudicii
992 2716 1073 2776 exitu

56 2805 181 2882 possint
255 2858 257 2865 ,
395 2857 397 2861 ,
888 2879 891 2884 Ι

18 2916 44 2955 co
126 2895 170 2952 De
195 2893 417 2954 accusatoribus
441 2893 471 2948 et
493 2893 551 2951 reis
567 2910 632 2950 snm
646 2892 771 2968 locutus,
796 2895 867 2972 quia
880 2896 912 2953 in
930 2893 1071 2970 periculis
1086 2888 1125 2943 3ss

57 2985 186 3042 maxime
218 2986 355 3042 versatur
387 2981 528 3040 adfectus.
562 2980 614 3039 sed
644 2982 780 3056 privatae
813 2976 931 3060 quoque
963 3002 1070 3042 causae

95 3245 96 3248 ,
131 3163 261 3254 ascri,
282 3193 315 3240 ve

57 3319 273 3328 ...-..--.—--—
301 3318 302 3323 κ

129 3391 146 3438 l
166 3385 274 3439 sciebat
291 3382 330 3456 vi]
350 3384 493 3439 sciebatur
512 3383 577 3437 libri
649 3387 664 3436 b
684 3384 746 3436 erat
764 3391 801 3438 P:
821 3385 882 3437 erat
902 3385 932 3437 at
949 3386 1000 3439 rell

59 3462 74 3511 9
95 3458 125 3510 in
143 3455 242 3510 tabula
261 3456 397 3526 sipariove
416 3456 452 3511 F.
473 3456 502 3510 0.
523 3453 1006 3523 Ooer·ad.·tabu1amsupraiovem
1037 3469 1040 3474 ·

60 3536 92 3583 11
113 3527 163 3595 qui
180 3537 240 3581 Ao:
260 3543 315 3596 que
338 3530 383 3580 ΥΡ
399 3543 455 3596 qua
474 3537 504 3580 M
799 3528 802 3533 ’
903 3533 905 3538 ’
