2460 3854
408 144 411 148 ⁴
491 128 715 195 uacua
1048 130 1113 194 3ae

92 300 169 358 tatis
199 301 290 372 atque
318 290 489 378 mensurae)
518 317 536 356 a
563 315 701 356 mensura
729 297 818 356 ducta
845 298 1042 358 inminutione
1069 318 1115 358 re·

93 408 170 446 rum.
195 387 269 446 haec
292 388 356 444 tam
379 387 499 463 frigida,
523 406 612 463 quam
637 391 682 446 est
704 389 859 446 nominum
881 387 961 446 fictio
982 387 1115 462 adiectis,
1130 398 1169 453 53

95 477 248 550 detractis,
270 477 395 534 mutatis
413 475 533 549 litteris,
555 479 592 534 ut
609 475 792 549 Acisculum,
816 477 887 552 quia
906 480 982 535 esset
1000 479 1115 551 pactus,

96 559 320 638 ‘Pacisculum',
342 566 373 623 et
395 564 551 623 Placidum
569 567 697 639 nomine,
721 565 801 640 quod
819 566 844 624 is
864 565 985 624 acerbus
1004 569 1115 624 natura

69 658 183 729 aesset,
209 649 370 728 ‘Acidnm',
395 657 425 712 et
448 654 589 727 Tullium,
613 672 680 711 cum
703 654 752 712 fur
766 658 852 727 esset,
876 649 1029 713 ‘Tullium'
1054 655 1114 714 dic·

96 749 145 804 tos
167 744 298 803 invenio.
322 741 372 801 sed
395 743 468 802 haec
492 743 595 801 eadem
618 762 728 820 genera
756 743 938 803 commodius
965 745 998 802 in
1025 743 1114 803 rebus
1130 753 1169 811 54

98 852 190 908 quam
212 832 245 889 in
268 831 438 891 nominibus
461 831 647 907 respondent.
675 832 750 891 Afer
772 834 852 890 enim
878 837 1003 892 venuste
1030 833 1115 892 Man·

97 923 173 980 lium
197 920 314 995 Suram,
342 922 470 979 multum
492 922 525 979 in
549 920 663 998 agendo
692 921 922 996 discursantem,
950 922 1115 996 salientem,

97 1028 205 1069 manus
229 1011 399 1084 iactantem,
430 1014 533 1088 togam
561 1010 736 1068 deicientem
764 1015 795 1068 et
821 1013 1027 1085 reponentem,
1054 1030 1115 1070 non

60 1126 84 1164 10
98 1118 186 1176 agere
211 1098 295 1173 dixit,
319 1097 371 1158 sed
389 1102 532 1177 sategere.
557 1102 602 1158 est
616 1101 695 1158 enim
714 1099 826 1157 dictum
845 1119 898 1174 per
917 1118 947 1158 se
966 1099 1115 1158 urbanum

100 1183 273 1265 ‘satagere',
297 1190 387 1246 etiam
412 1190 438 1247 si
460 1188 545 1246 nulle
568 1187 662 1246 subsit
686 1188 809 1247 alterius
832 1189 917 1247 verbi
940 1188 1114 1247 similitudo.

96 1278 174 1336 fiunt
197 1279 228 1335 et
251 1277 368 1335 adiecta
399 1282 429 1336 et
452 1277 587 1335 detracta
617 1276 820 1352 adspiratione
852 1281 882 1336 et
911 1278 1016 1336 divisis
1047 1296 1114 1336 con·
1130 1287 1168 1343 55

97 1367 245 1426 iunctisve
269 1365 366 1425 verbis
389 1367 530 1425 similiter
552 1366 670 1441 saepius
693 1364 812 1444 frigida,
835 1366 995 1441 aliquando
1014 1369 1115 1425 tamen

96 1455 276 1531 recipienda.
306 1455 469 1530 eademque
496 1455 631 1514 condicio
655 1459 700 1513 est
723 1457 754 1512 in
777 1455 823 1528 iis,
847 1475 923 1530 quae
947 1474 965 1513 a
987 1455 1116 1514 nomini-

63 1570 84 1610 15
97 1545 152 1604 bus
175 1545 345 1603 trahuntur.
373 1545 470 1602 multa
494 1564 528 1602 ex
552 1545 607 1602 hoc
629 1539 778 1622 (genere)
802 1543 904 1603 Cicero
927 1545 960 1602 in
983 1545 1116 1619 Verrem,

97 1634 149 1694 sed
162 1637 198 1692 ut
213 1633 249 1691 ab
261 1632 328 1692 aliis
343 1633 436 1692 dicta:
449 1634 537 1692 modo
553 1628 700 1691 ‘futurum
711 1637 748 1690 ut
761 1633 862 1691 omnia
870 1629 1023 1707 verreret',
1033 1628 1115 1712 [cum

98 1724 246 1783 diceretur
268 1719 397 1797 Verres]
432 1722 521 1781 modo
543 1721 675 1795 Herculi,
708 1741 794 1796 quem
819 1723 1011 1798 expilaverat,
1042 1719 1133 1782 ‘mo‘

97 1813 251 1871 lestiorem
270 1830 361 1886 quam
379 1832 485 1887 aprum
504 1812 735 1886 Erymanthium
753 1806 866 1885 fuisse',
884 1812 971 1871 modo
992 1806 1116 1870 ‘malum

98 1901 290 1975 sacerdotem,
328 1902 381 1975 qui
416 1905 480 1958 tam
512 1919 642 1975 nequam
674 1919 788 1959 verrem
814 1897 1005 1976 reliquisset',
1042 1903 1114 1976 quia

63 2015 85 2054 so
100 1991 255 2050 Sacerdoti
286 1989 394 2048 Verres
432 1992 619 2049 successerat.
656 1989 780 2065 praebet
815 1993 916 2048 tamen
953 1990 1114 2065 aliquando
1130 2000 1168 2055 56

97 2081 284 2138 occasionem
322 2079 470 2153 quaedam
502 2079 630 2138 felicitas
667 2079 722 2137 hoc
752 2098 872 2154 quoque
904 2079 978 2139 bene
1001 2079 1115 2153 utendi,

97 2174 132 2228 ut
155 2187 211 2245 pro
236 2166 365 2226 Caecina
388 2167 489 2228 Cicero
517 2170 548 2227 in
576 2172 683 2228 testem
712 2168 776 2226 Sex.
802 2166 938 2227 Clodium
960 2167 1115 2227 Phormio·

97 2277 180 2316 nem:
206 2251 271 2315 ‘nec
288 2258 387 2318 minus
401 2254 507 2336 niger',
530 2260 639 2334 inquit,
659 2254 724 2318 ‘nec
742 2259 842 2316 minus
861 2256 1009 2316 confidens
1025 2277 1114 2333 quam

99 2351 143 2406 est
166 2346 219 2405 ille
243 2346 438 2406 Terentianus
462 2344 622 2406 Phormio’.

60 2460 84 2500 25
136 2488 138 2493 ,
166 2437 292 2494 Acriore
319 2437 414 2514 igitur
442 2440 512 2495 sunt
535 2441 564 2495 et
587 2438 773 2515 elegantiora
796 2454 872 2511 quae
895 2435 1057 2494 trahuntur
1080 2455 1115 2494 ex
1130 2445 1166 2500 51

98 2525 128 2584 vi
146 2544 257 2584 rerum.
289 2525 321 2583 in
349 2528 388 2584 iis
415 2527 544 2584 maxime
572 2527 654 2585 valet
681 2525 856 2599 similitudo,
889 2526 915 2583 si
946 2526 1047 2582 tamen
1076 2524 1115 2583 ad

98 2613 215 2689 aliquid
245 2615 371 2674 inferius
403 2614 558 2688 leviusque
590 2614 750 2673 reseratur:
788 2614 891 2689 qualia
925 2616 1040 2673 veteres
1068 2614 1114 2672 illi

97 2703 288 2777 iocabantur,
336 2703 389 2779 qui
424 2701 584 2760 Lentulum
623 2697 835 2777 ‘Spintherem'
877 2707 907 2761 et
944 2702 1113 2779 Scipionem

172 2872 1023 2941 mamm-mamm-mpmmmu

173 3022 187 3069 1
208 3016 237 3087 a]
257 3031 291 3069 ea
310 3017 354 3084 Pl
371 3013 401 3066 in
419 3012 605 3067 minutionem
624 3023 651 3066 Ρ
667 3013 892 3068 imminutionem
915 3024 936 3066 V
1009 3015 1115 3069 thaec

97 3099 133 3141 A:
154 3090 184 3142 et
201 3088 252 3141 rell
325 3093 357 3141 12
378 3084 568 3139 coniunctisve
587 3084 688 3140 Halm:
707 3085 863 3139 coniunctis
883 3087 998 3154 (tisque
1012 3088 1042 3155 a)

99 3167 132 3215 15
152 3174 254 3229 genere
273 3159 330 3212 add
348 3157 485 3228 Spaldtup
577 3162 610 3209 16
628 3158 682 3211 secl
700 3157 800 3224 Zuercpt
872 3163 904 3210 11
925 3156 1065 3211 diceretur
1082 3167 1114 3225 A,

97 3248 159 3286 corr
178 3240 215 3283 P:
235 3229 375 3284 diceretur
394 3229 420 3282 ei
438 3230 488 3283 rell
561 3233 594 3282 18
613 3243 698 3295 quam
718 3243 817 3294 aprum
835 3227 880 3282 Er.
900 3229 1000 3283 Halm:
1028 3244 1114 3296 quam

98 3319 167 3372 apro
188 3301 344 3369 erymantio
363 3301 450 3353 AeP¹
469 3316 537 3368 apro
561 3298 737 3368 erymanthio
757 3306 806 3351 m
911 3304 944 3352 20
969 3298 1114 3353 Sacerdoti

98 3374 199 3428 Verres
218 3372 289 3425 Ald:
308 3372 423 3426 sacerdo
442 3390 457 3426 e
474 3390 489 3425 e
509 3372 595 3424 verris
614 3381 637 3422 Δ
656 3368 785 3424 sacerdos
805 3369 878 3423 verri
908 3379 1010 3423 eMVP

99 3452 131 3499 21
152 3445 205 3498 hoo
220 3459 331 3511 quoqne
346 3459 447 3513 genere
466 3444 504 3497 Ρ1
522 3444 554 3510 cf
569 3445 578 3498 1
597 3447 632 3497 15
705 3445 737 3493 27
757 3440 855 3507 qualia
872 3440 1022 3511 Spoletinus
1042 3456 1115 3508 quae

98 3518 156 3570 iam
176 3518 242 3584 (qua
260 3514 318 3568 iam
337 3514 384 3584 1³¹)
