2460 3854
360 127 391 182 v,
412 133 436 195 s,
456 133 481 183 a.
501 134 526 194 e,
548 133 624 182 1-e.
646 133 767 197 r,1-a.
1000 128 1067 194 239

81 289 176 353 dubium
197 297 335 373 cuiquam
358 297 535 374 relinquere,
558 317 597 356 an
619 299 769 373 peierarit.
794 297 846 356 sed
859 297 945 356 nobis
964 298 1104 357 adole-c

81 383 200 446 scentibus
224 388 355 445 seniores
378 388 411 445 in
424 386 549 464 ,agendo
571 387 647 445 facti
668 388 839 462 praecipere
862 386 1007 461 solebant,
1029 406 1066 446 ne

80 485 122 542 qna
136 493 272 550 umquam
285 477 332 535 ius
346 475 506 534 iurandum
520 475 710 550 deferremus,
724 477 801 534 sicut
814 494 910 550 neque
925 477 1008 551 optio
1021 479 1067 536 iu·

79 555 132 619 dicis
152 563 320 623 adversario
344 568 423 624 esset
444 565 645 641 permittenda
668 584 722 624 nec
741 584 776 623 ex
799 565 952 624 advocatis
971 569 1068 641 portis

61 647 193 710 ⁵adrersae
216 653 305 712 iudex
329 654 491 732 eligendus.
523 674 602 727 narn,
626 656 653 713 si
676 655 772 712 dicere
801 655 951 713 contraria
978 658 1067 731 turpe

77 736 197 800 advocato
229 742 362 818 videtur,
400 745 478 801 certe
510 744 628 819 turpius
656 743 826 801 habendum
857 744 954 802 facere
988 745 1068 819 quod

74 834 164 889 noceat.

421 983 481 1054 [DE
501 982 695 1055 TESTIBUS]

120 1096 182 1157 VII.
205 1098 354 1158 Maximus
377 1102 478 1158 tamen
497 1101 632 1175 patronis
647 1101 725 1158 circa
743 1100 956 1158 testimonia
975 1099 1065 1158 sudor
1084 1101 1100 1154 1

48 1187 109 1242 lest.
129 1206 162 1246 ea
186 1187 327 1246 dicuntur
350 1194 402 1247 aut
424 1208 478 1265 per
500 1189 620 1248 tabulas
645 1191 698 1246 aut
721 1208 739 1246 a
757 1188 972 1263 praesentibus.
996 1191 1065 1247 sim-

62 1272 156 1341 plicior
187 1280 293 1336 contra
324 1277 443 1337 tabulas
474 1298 590 1354 pugna3
622 1296 693 1334 nam
726 1280 756 1336 et
785 1278 883 1335 minus
916 1275 1065 1336 obstitisse

61 1363 167 1424 videtur
189 1366 286 1442 pudor
315 1368 394 1425 inter
423 1385 534 1443 paucos
562 1369 729 1443 signatores
758 1369 789 1425 et
815 1385 870 1441 pro
898 1365 1066 1424 diffidentia

58 1458 195 1523 premitur
218 1454 362 1514 absentia.
386 1457 413 1514 si
434 1456 693 1531 reprehensionem
716 1475 775 1514 non
799 1457 881 1530 capit
909 1457 976 1531 ipsa
998 1475 1064 1531 per·

57 1555 131 1619 sona,
152 1545 301 1602 infamare
324 1546 490 1622 signatores
513 1546 592 1604 licet.
621 1547 715 1603 tacita
738 1547 892 1621 praeterea
916 1545 1063 1620 quaedam
1082 1543 1102 1598 2

55 1635 194 1710 cogitatio
217 1634 388 1710 refragatur
410 1634 457 1692 his
480 1634 624 1707 omnibus,
657 1634 739 1709 quod
760 1653 847 1692 nemo
870 1654 924 1709 per
946 1635 1064 1694 tabulas

53 1720 103 1781 dat
123 1724 329 1781 testimonium
359 1725 419 1781 nisi
446 1743 501 1783 sua
528 1725 697 1801 voluntate,
728 1743 786 1799 quo
815 1725 880 1798 ipso
912 1743 972 1782 non
1001 1742 1063 1783 esse

51 1814 177 1870 amicum
202 1813 230 1869 ci
253 1829 293 1885 se,
323 1816 427 1871 contra
451 1832 540 1888 quem
572 1813 654 1887 dicit,
683 1813 804 1870 fatetur.
837 1832 931 1887 neque
963 1816 1064 1871 tamen

50 1901 184 1976 protinus
208 1903 330 1960 cesserit
353 1903 463 1974 orator,
487 1904 666 1977 quominus
690 1905 720 1960 et
743 1903 855 1959 amicus
885 1919 939 1976 pro
969 1904 1064 1960 amico

51 1992 79 2048 et
100 1991 240 2048 inimicus
264 1992 368 2049 contra
390 1991 546 2048 inimicum
569 1991 663 2066 possit
685 2010 797 2063 verum,
826 1991 852 2048 si
878 1991 997 2066 integra
1024 1992 1064 2049 sit

50 2079 76 2136 ei
97 2079 180 2154 fides,
204 2079 309 2138 dicere.
333 2079 384 2139 sed
407 2079 467 2138 late
491 2080 574 2138 locus
597 2084 723 2155 uterque
745 2081 902 2137 tractatur.

115 2167 190 2227 Cum
213 2169 418 2244 praesentibus
441 2188 511 2228 vero
535 2171 640 2245 ingens
668 2169 820 2226 dimicatio
849 2170 908 2240 est,
935 2168 1061 2243 ideoque
1080 2168 1101 2222 3

48 2258 130 2317 velut
154 2257 269 2332 duplici
292 2261 396 2315 contra
419 2277 468 2317 eos
491 2277 604 2334 proque
629 2260 670 2315 eis
695 2260 757 2315 acie
781 2256 952 2334 confligitur
971 2259 1063 2316 actio-

48 2367 117 2404 num
142 2349 172 2404 et
194 2348 471 2423 interrogationum.
496 2348 527 2404 in
551 2347 717 2405 actionibus
740 2346 870 2421 primum
884 2346 1064 2423 generaliter

48 2455 99 2510 pro
126 2435 253 2494 testibus
277 2440 366 2511 atque
388 2437 421 2494 in
444 2438 529 2494 testis
557 2436 617 2494 dici
640 2437 723 2494 solet.
757 2439 786 2493 et
817 2435 866 2492 hic
897 2433 1101 2495 communisl

47 2526 138 2599 locus,
162 2532 231 2583 cuin
252 2544 322 2600 pars
346 2525 441 2584 altera
464 2526 577 2583 nullam
601 2525 761 2583 firmiorem
778 2524 986 2599 probationem
1000 2544 1062 2584 esse

47 2614 210 2687 contendit,
228 2615 319 2689 quam
339 2633 414 2689 quae
434 2617 473 2673 sit
491 2616 646 2673 hominum
665 2616 790 2672 scientia
808 2613 887 2687 nixa,
911 2614 1006 2672 altera
1025 2615 1064 2673 ad

48 2703 260 2762 detrahendam
278 2704 341 2761 illis
359 2703 445 2762 fidem
467 2703 575 2777 omnia,
598 2724 652 2779 per
671 2722 747 2778 quae
766 2702 831 2760 fieri
851 2702 967 2762 soleant
985 2704 1063 2763 falsa

48 2791 226 2866 testimonia,
250 2797 411 2852 enumerat.
442 2811 567 2867 sequens
597 2793 675 2851 ratio
705 2794 758 2865 est,
791 2810 857 2849 cum
890 2791 1100 2866 specialiteri)

48 2881 176 2957 quidem,
199 2881 250 2939 sed
274 2885 375 2940 tamen
398 2882 508 2941 multos
527 2883 640 2956 pariter
658 2881 799 2939 invadere
817 2883 938 2956 patroni
956 2882 1061 2940 solent.

47 2989 117 3028 nam
141 2971 173 3029 et
195 2970 329 3048 gentium
352 2971 441 3030 simul
464 2973 671 3029 universarum
695 2970 811 3028 elevata
834 2971 1006 3028 testimonia
1025 2970 1061 3028 ab

48 3058 216 3118 oratoribus
245 3061 352 3119 scimus
382 3063 412 3119 et
439 3063 505 3119 tota
537 3078 646 3137 genera
677 3058 930 3118 testimoniorum:
962 3062 996 3118 ut
1026 3059 1062 3118 de

119 3236 132 3282 1
155 3229 286 3296 cuiquam
302 3239 329 3282 Ρ
346 3230 393 3283 Vt:
412 3229 513 3297 cuiquc
528 3237 579 3281 ΑΒ
650 3234 718 3280 2-3
738 3246 828 3296 neque
838 3245 973 3296 umquam
986 3237 1065 3281 AB?

48 3316 200 3368 numquam
210 3302 314 3355 temere
328 3302 363 3355 Vt
369 3305 458 3369 p405‚
467 3317 503 3353 ne
513 3316 648 3367 umquam
658 3301 726 3354 Edd
780 3306 867 3353 lesse
876 3302 1019 3365 ABestP,
1030 3300 1063 3354 de

49 3373 84 3427 Vt
103 3388 161 3425 non
179 3379 285 3426 conatui
358 3378 373 3426 6
393 3372 504 3425 videtur
523 3381 550 3424 Ρ
573 3373 617 3424 Vt:
642 3371 783 3425 videretur
801 3380 853 3424 AB
925 3378 958 3425 14
977 3388 1062 3440 quae·

48 3444 112 3499 dam
132 3443 268 3511 cogitatio
292 3453 326 3496 A:
352 3461 378 3510 q.
399 3442 605 3513 significatione
624 3451 652 3495 Β
669 3445 792 3510 quadam
812 3442 1018 3512 significatione
1037 3453 1067 3497 Ρ

119 3518 151 3568 17
172 3530 201 3568 se
220 3531 262 3568 om
281 3524 332 3570 ΔΡ
