2460 3854
160 154 204 218 44
464 154 692 220 QVINTILIANI
709 153 801 208 INST.
822 152 879 208 ou.

162 328 263 385 autem
287 321 394 402 ‘quire'
420 329 450 385 et
474 319 602 402 ‘urgere'
628 325 674 382 vel
697 323 730 381 iu
752 324 917 399 praeterita
939 323 1076 399 patiendi
1094 323 1178 383 modo
1229 351 1230 354 ¹

108 419 145 474 27
161 415 210 473 vel
237 416 269 473 in
297 415 460 491 partieipia
486 411 679 473 transibunt?
721 413 794 487 quid
822 413 857 471 de
886 413 954 471 aliis
978 413 1086 489 dicam,
1115 431 1179 472 eum

161 507 282 564 senatus
307 499 427 563 ‘senati'
458 522 496 561 an
525 498 667 562 ‘senatus'
692 503 786 561 faeiat
812 503 959 560 incertum
987 499 1048 560 sit?
1090 521 1180 577 quare
1229 562 1230 582 ,

161 594 236 652 mihi
259 612 318 652 non
340 595 496 652 invenuste
520 593 579 651 diei
602 592 729 666 videtur,
758 591 840 649 aliud
868 609 930 650 esse
954 591 1072 666 Latine,
1101 591 1180 651 aliud

73 634 105 722 Ἴ
162 684 357 760 grammatice
380 683 472 758 loqui.
510 701 545 741 ae
568 681 603 741 de
627 682 768 758 analogia
790 683 925 739 nimium.
1198 702 1206 740 s

108 777 147 842 28
229 772 480 850 Etymologia,
512 789 589 847 quae
621 770 781 829 verborum
813 771 959 846 originem
990 770 1134 846 inquirit,
1165 790 1181 829 a

162 860 303 919 Cicerone
327 861 407 919 dieta
426 864 471 919 est
489 862 644 934 notatio,
669 860 740 935 quia
758 879 866 918 nomen
886 861 949 918 eius
969 859 1049 936 apud
1068 858 1181 920 Aristo·

161 951 242 1008 teleu
264 951 417 1008 invenitur
435 949 595 1027 σύμβολον,
620 949 698 1024 quod
717 952 762 1007 est
782 944 886 1007 ‘nota'.
915 968 986 1006 nam
1004 948 1133 1007 verbum
1151 968 1182 1008 ex

161 1039 252 1098 verbo
286 1040 421 1113 duetum,
454 1039 486 1096 id
518 1043 563 1097 est
594 1039 852 1113 veriloquium,
884 1040 948 1113 ipse
982 1038 1102 1112 Cicero,
1135 1040 1182 1115 qui

162 1128 256 1202 finxit,
280 1128 464 1187 reformidat.
507 1131 577 1187 sunt
606 1127 657 1202 qui
685 1129 748 1186 rim
770 1128 870 1202 potius
893 1128 999 1186 intuiti
1021 1127 1209 1206 originali

109 1217 299 1287 astionem
321 1221 436 1277 vocent.
468 1217 542 1276 haee
564 1217 656 1276 habet
679 1217 840 1293 aliquando
864 1235 950 1275 usum
973 1219 1182 1292 necessarium,

163 1309 300 1381 quotiens
328 1308 576 1381 interpretatione
604 1325 660 1381 ree,
693 1306 728 1364 de
757 1324 816 1382 qua
844 1307 1009 1381 quaeritur,
1042 1309 1121 1384 eget,
1153 1310 1184 1366 ut

163 1415 232 1454 oum
255 1397 294 1454 M.
315 1394 433 1455 Caelius
457 1415 488 1455 se
512 1414 575 1455 esse
598 1396 748 1455 hominem
772 1395 853 1472 frugi
876 1395 942 1454 vult
964 1396 1105 1472 probare,
1128 1416 1184 1456 non

163 1487 235 1560 quia
263 1485 416 1544 abstinens
444 1486 484 1544 sit
512 1477 596 1566 (nam
624 1485 656 1543 id
682 1504 719 1543 ue
747 1485 868 1543 mentiri
896 1484 1017 1560 quidem
1040 1478 1182 1568 poterat),

163 1575 215 1632 sed
243 1573 314 1648 quia
342 1574 426 1633 utilis
454 1575 565 1648 multia,
592 1575 624 1632 id
653 1576 698 1633 est
721 1575 902 1649 fructuosus,
929 1573 1007 1632 unde
1032 1575 1074 1633 sit
1098 1574 1211 1634 duotsu

162 1664 331 1740 frugalitas.
354 1663 480 1738 ideoque
498 1666 530 1721 in
549 1663 771 1723 definitionibus
790 1663 967 1740 adsignatur
985 1665 1184 1742 etymologiae

39 1787 41 1792 ·
109 1766 150 1821 33
163 1754 254 1811 loeus.
296 1772 520 1827 nonnumquam
543 1754 635 1812 etiam
658 1752 787 1810 barbara
811 1752 847 1811 ab
872 1751 1037 1812 emendatis
1061 1756 1185 1813 conatur

164 1842 337 1916 discernere,
361 1844 397 1899 ut
420 1861 487 1900 oum
512 1837 723 1918 ‘Triquetram’
749 1841 808 1900 diei
833 1840 966 1900 Siciliam
990 1861 1029 1899 en
1050 1838 1184 1919 ‘Triqne

164 1927 270 2006 dram',
296 1926 473 1990 ‘meridiem'
498 1951 537 1989 an
561 1925 743 1989 ‘medidiem’
767 1933 913 2006 oporteat,
938 1933 1112 2005 quaeritur:
1135 1932 1184 1992 ali·

110 2035 147 2090 31
164 2021 284 2096 quando
308 2020 517 2080 consuetudini
539 2023 639 2080 servit.
668 2022 802 2080 eontinet
821 2022 926 2101 ,autem
948 2022 981 2077 iu
1004 2039 1036 2079 se
1058 2022 1216 2082 multamil-

165 2111 371 2185 eruditionem,
402 2111 464 2169 sive
496 2129 530 2168 ex
559 2108 679 2170 Graecis
710 2113 776 2168 orta
806 2112 977 2185 tractemus
1009 2129 1092 2185 quae
1120 2112 1193 2177 eunt,

164 2200 304 2274 plurima,
340 2201 559 2276 praeeipueque
597 2199 720 2258 Aeolica
756 2200 882 2273 ratione,
920 2200 966 2257 oui
1011 2202 1059 2258 est
1093 2218 1186 2261 sermo

164 2292 265 2347 noster
288 2289 468 2365 simillimus,
496 2289 655 2364 declinata,
684 2291 746 2348 sive
776 2309 810 2346 ex
833 2288 1029 2347 historiarum
1052 2293 1187 2350 vetemm

164 2380 274 2436 notitia
301 2379 423 2438 nomina
450 2379 605 2437 hominum
628 2380 762 2437 locorum
785 2378 920 2454 gentium
943 2377 1068 2437 urbium
1091 2381 1187 2456 requi·

163 2486 278 2526 ramus:
297 2467 374 2525 unde
389 2468 485 2542 Bruti,
505 2467 686 2542 Publicolae,
706 2465 847 2544 Pythici?
870 2485 921 2525 our
935 2467 1070 2543 Latium,
1089 2468 1214 2545 Italiae

164 2555 388 2615 Beneventum?
422 2575 497 2632 quae
526 2556 709 2632 Capitolium
742 2559 772 2614 et
804 2557 911 2616 oollam
939 2554 1130 2625 Quirinalem
1162 2561 1188 2619 et

164 2644 334 2723 Argiletum
358 2646 531 2721 appellandi
553 2643 653 2705 ratio?

110 2747 149 2803 32
231 2735 297 2794 Iam
324 2735 379 2793 illa
406 2737 532 2810 minora,
559 2737 592 2792 in
620 2736 728 2811 quibus
752 2735 879 2793 maxime
903 2735 1032 2795 studiosi
1059 2737 1128 2799 eius
1148 2736 1187 2797 rei

238 2911 252 2958 7
277 2908 306 2958 et
331 2910 363 2957 10
390 2905 458 2974 Top.
488 2910 513 2971 8,
533 2911 567 2958 35
600 2938 634 2945 -
669 2912 682 2959 7
710 2905 741 2958 of
764 2905 859 2959 Cicero
885 2904 942 2958 ibd.
970 2906 1105 2976 (Aristot.
1128 2908 1188 2977 usqi

166 2975 312 3046 ἑρμηνείας
331 2983 355 3044 2,
376 2980 401 3047 3)

238 3128 251 3174 1
271 3137 371 3190 urgere
385 3130 440 3173 no:
459 3136 539 3173 ruere
553 3129 582 3173 B
594 3120 635 3174 ire
649 3130 677 3173 P
735 3127 750 3173 3
771 3123 884 3174 senatus
904 3121 997 3174 senati
1017 3138 1058 3176 an
1077 3126 1187 3179 senatus

165 3193 315 3263 Spalding:
335 3194 449 3246 senatus
468 3192 580 3244 senatui
599 3192 691 3246 senati
711 3209 747 3245 an
763 3194 878 3245 senatus
891 3201 920 3245 Β
942 3196 1063 3248 senatus
1078 3198 1188 3251 sennen

165 3264 276 3318 senatui
303 3282 339 3317 an
365 3266 479 3317 senatus
505 3264 598 3316 senati
624 3265 722 3317 senato
741 3273 805 3317 Pau
838 3266 952 3317 sanatus
977 3268 1063 3320 sanuel
1086 3267 1187 3325 amaru

164 3339 277 3406 reliquis
295 3346 318 3387 A
406 3340 438 3387 la
458 3337 491 3388 ut
510 3352 574 3387 oum
591 3344 657 3388 BP:
675 3339 709 3389 ut
726 3346 749 3387 A
831 3341 864 3388 18
883 3335 1067 3403 triquedram
1085 3348 1126 3395 B:
1143 3338 1187 3394 uu

164 3409 303 3476 quadram
317 3417 358 3459 no
383 3407 560 3475 triquadram
574 3408 606 3460 ia
620 3408 789 3476 triquetram
805 3423 865 3462 corr
879 3417 907 3460 P
979 3413 1013 3462 19
1035 3410 1186 3480 aliquando

157 3478 360 3535 consuetudini
381 3478 468 3534 servit
486 3488 548 3534 AP:
568 3478 681 3548 aliaque
701 3495 773 3549 quae
793 3495 815 3532 o.
836 3479 961 3533 serviunt
975 3489 1004 3533 B
1081 3489 1116 3539 21
1135 3481 1186 3538 rive

144 3565 182 3600 er
198 3561 239 3605 A:
272 3552 301 3605 ei
320 3552 375 3606 illa
395 3563 424 3607 B
442 3552 502 3609 sive
523 3551 577 3608 illa
596 3570 633 3608 ex
652 3563 678 3607 Ρ
