2438 3832
146 109 213 174 296
448 109 675 174 QVINTILIANI
692 109 784 164 INST.
804 108 861 164 ΟΒ.

146 280 228 352 tiari,
259 298 307 337 me
335 278 445 337 babere
468 279 501 336 in
524 280 623 338 animo
656 297 777 338 cansam
804 279 880 337 banc
908 279 1058 355 praesidio
1087 281 1165 357 legis

148 367 311 426 defendere.
334 369 416 425 itane
440 365 504 427 est?
528 367 565 426 ab
589 370 692 427 amicis
715 368 907 444 inprudentes
931 369 1073 428 videlicet
1096 388 1163 445 pro-

148 454 268 514 dimur?
292 459 322 515 et
344 460 390 514 est
412 458 511 516 nescio
536 458 602 532 quis
626 457 662 514 de
685 458 733 531 iis,
756 475 830 532 quos
849 458 959 516 amicos
978 458 1064 517 nobis
1085 458 1163 517 arbi-

147 549 272 619 tramur,
296 547 349 620 qui
371 549 475 604 nostra
497 545 622 605 consilia
646 546 684 605 ad
707 546 909 605 adversarium
923 545 1058 621 deferat?
1083 549 1164 622 quis·

147 654 218 693 narn
247 634 303 692 boc
334 634 391 692 tibi
419 633 623 694 renuntiavit?
652 637 718 710 quis
745 637 809 692 tam
836 636 980 709 inprobus
1003 633 1085 694 fnit?
1116 637 1165 694 cui
1191 655 1202 695 a

149 742 203 801 ego
228 725 327 781 autem
351 721 493 782 narravi?
515 741 611 797 nemo,
634 726 670 781 ut
694 725 808 799 opinor,
830 725 862 781 in
885 725 976 800 culpa
994 728 1052 783 est:
1075 725 1164 783 nimi-

97 818 135 874 48
150 832 217 870 rum
239 812 297 871 tibi
314 812 395 871 istud
418 814 465 870 lex
483 813 551 887 ipsa
565 808 769 871 renuntiavit'.
795 816 827 871 at
850 813 974 888 quidam
997 813 1165 872 contradic-

150 902 230 959 tione
253 920 313 958 non
337 902 470 960 contenti
492 903 572 959 totos
605 902 696 960 etiam
726 902 805 960 locos
836 903 999 977 explicant:
1028 904 1104 962 scire
1133 921 1164 961 se

149 991 206 1048 boc
229 989 360 1049 dicturos
384 991 569 1049 adversarios
594 992 624 1048 et
646 992 691 1048 ita
713 994 926 1065 persecuturos.
951 992 1030 1066 quod
1049 993 1163 1050 factum

149 1082 272 1138 venuste
294 1081 405 1138 nostris
427 1079 611 1154 temporibus
642 1079 730 1138 elusit
752 1079 859 1139 Vibius
884 1079 1019 1157 Crispus,
1049 1081 1098 1139 vir
1120 1080 1164 1138 in-
1180 1101 1205 1140 ιο

150 1169 231 1244 genii
245 1168 368 1227 iucundi
383 1172 412 1226 et
427 1169 584 1246 elegantis:
605 1163 671 1246 ‘ego
689 1163 781 1240 vero',
799 1170 908 1244 inquit,
923 1165 995 1229 ‘ista
1012 1188 1074 1228 non
1084 1169 1165 1243 dico3

97 1263 136 1319 49
152 1256 223 1332 quid
247 1258 325 1314 enim
350 1259 458 1316 attinet
480 1257 535 1315 illa
553 1256 599 1316 bis
623 1253 713 1315 diei?
738 1276 962 1333 nonnumquam
985 1262 1088 1317 tamen
1111 1259 1166 1316 ali-

150 1345 223 1420 quid
246 1346 343 1403 simile
368 1346 595 1405 contradictioni
618 1347 691 1421 poni
712 1350 821 1421 potest,
848 1347 874 1405 si
897 1347 970 1422 quid
993 1346 1031 1405 ab
1060 1347 1165 1406 adver-

151 1436 229 1494 sario
253 1435 462 1493 testationibus
487 1453 682 1509 conprensum
705 1436 737 1493 in
756 1435 999 1494 advocationibus
1017 1437 1166 1494 iactatum

150 1519 238 1600 <est>
255 1519 510 1599 (respondebimus
534 1525 613 1582 enirn
636 1526 679 1582 rei
704 1524 740 1582 ab
759 1523 820 1582 illis
839 1523 944 1600 dictae,
967 1543 1027 1583 non
1047 1525 1165 1583 anobis
1181 1544 1206 1584 15

151 1604 349 1693 excogitatae)
380 1615 442 1687 aut,
469 1615 495 1672 si
522 1612 553 1670 id
581 1631 673 1690 genus
698 1614 755 1671 erit
787 1631 901 1688 causae,
934 1615 968 1671 ut
1000 1632 1166 1689 proponere

150 1702 297 1777 possimus
322 1705 411 1775 certa,
435 1704 518 1760 extra
543 1721 618 1776 quae
642 1701 701 1760 dici
724 1702 800 1760 nihil
823 1704 928 1777 possit,
954 1704 999 1775 ut,
1027 1720 1094 1760 cum
1118 1721 1165 1760 res

150 1791 263 1848 furtiva
285 1792 317 1847 in
341 1791 428 1848 domo
452 1790 596 1865 deprensa
619 1791 667 1865 sit,
691 1790 771 1849 dicat
793 1810 911 1851 necesse
935 1794 979 1850 est
1005 1809 1082 1864 reus,
1113 1793 1167 1850 aut

152 1897 182 1936 se
205 1880 362 1956 ignorante
386 1878 511 1937 inlatam
536 1882 588 1937 aut
611 1879 777 1954 depositam
801 1879 883 1956 apud
906 1899 936 1938 se
955 1882 1008 1937 aut
1023 1879 1166 1938 donatam

152 1967 221 2026 sibi:
255 1969 362 2042 quibus
387 1968 537 2042 omnibus,
569 1970 660 2026 etiam
689 1971 716 2027 si
744 1971 897 2044 proposita
924 1988 984 2026 non
1007 1971 1087 2042 sunt,
1120 1987 1165 2026 re·
1180 1989 1206 2028 ro

97 2064 136 2120 50
151 2057 290 2132 sponderi
308 2048 418 2132 potest.
443 2060 475 2115 at
497 2059 528 2114 in
553 2057 660 2116 scholis
678 2061 758 2116 recte
777 2060 807 2115 et
820 2052 1116 2134 <propositionibus>
1137 2062 1167 2117 et

152 2145 435 2205 contradictionibus
455 2164 650 2219 occurremus,
672 2149 708 2204 ut
726 2146 757 2203 in
776 2150 934 2221 utrumque
948 2147 1056 2220 locum,
1074 2146 1167 2205 idest

151 2237 280 2310 primurn
304 2239 333 2294 et
357 2234 516 2294 secundum
539 2235 630 2293 simul
653 2253 849 2294 exerceamus.
878 2234 958 2310 quod
980 2235 1039 2294 nisi
1061 2236 1165 2294 feceri·

151 2343 225 2398 mus,
247 2343 411 2399 numquam
434 2326 553 2382 utemur
577 2324 823 2398 contradictione3
846 2343 905 2382 non
930 2326 1008 2382 enim
1028 2325 1095 2398 erit,
1119 2326 1167 2382 cui

151 2413 388 2489 respondeamus.
1181 2433 1206 2473 aa

99 2527 135 2581 51
216 2502 270 2560 Est
294 2506 323 2560 et
346 2503 419 2560 illud
444 2503 554 2561 vitium
583 2501 709 2560 nimium
740 2501 861 2560 solliciti
892 2505 921 2560 et
954 2503 1032 2560 oirca
1065 2504 1167 2561 omnia

152 2594 302 2649 momenta
325 2592 481 2666 luctantis3
513 2594 680 2666 suspectam
709 2592 788 2648 enim
814 2591 888 2650 facit
914 2591 1009 2650 iudici
1036 2609 1166 2664 causam,

152 2681 182 2735 et
205 2680 384 2755 frequenter,
408 2699 483 2755 quae
507 2682 609 2738 statim
629 2680 709 2738 dicta
728 2698 844 2738 ornnem
864 2680 1080 2738 dubitationem
1104 2699 1166 2739 sus-

151 2767 303 2842 tulissent,
345 2769 440 2828 dilata
476 2770 549 2845 ipsis
590 2769 868 2845 praeparationibus
907 2767 996 2827 fidem
1027 2768 1166 2843 perdunt,

153 2857 223 2930 quia
246 2860 389 2930 patronus
413 2862 442 2917 et
462 2859 528 2916 aliis
552 2858 710 2917 crediderit
733 2876 807 2932 opus
825 2859 926 2917 fuisse.
950 2856 1091 2915 fiduciam
1111 2857 1165 2934 igi-
1180 2877 1206 2917 ao

151 2950 203 3001 tur
226 2948 326 3004 orator
349 2965 420 3020 prae
450 2966 481 3005 se
505 2948 582 3005 ferat
612 2965 784 3023 semperque
813 2948 858 3006 ita
888 2947 977 3020 dicat,
1009 2949 1167 3022 tamquam

153 3033 188 3090 de
213 3052 303 3092 causa
326 3037 438 3109 optime
462 3037 584 3109 sentiat,
614 3036 695 3111 quod
722 3037 798 3094 sicut
831 3038 930 3094 omnia
959 3037 992 3093 in
1026 3033 1167 3095 Cicerone

226 3203 305 3256 'ilex
322 3204 400 3258 ΒΡῙε
420 3222 463 3257 ras
482 3204 545 3257 ΔΝ
617 3208 846 3274 aproseouturos
865 3214 916 3257 AB
994 3210 1027 3258 15
1047 3206 1091 3258 est
1110 3205 1168 3261 add

153 3277 240 3329 Halm
255 3276 370 3330 Meister
437 3281 471 3328 20
486 3276 542 3329 sint
556 3287 583 3329 Ρ
649 3283 681 3330 21
703 3279 731 3330 et
744 3275 983 3346 propositionibus
998 3278 1027 3329 et
1041 3277 1167 3331 Badius:

153 3350 182 3399 et
229 3349 290 3400 *et
308 3356 356 3399 Bn
370 3366 385 3401 a
401 3366 416 3401 s
433 3350 461 3401 ct
480 3355 513 3399 N
526 3350 555 3401 et
573 3350 601 3401 et
619 3357 664 3410 Bp
682 3351 711 3401 et
729 3348 890 3418 plenaribus
910 3350 938 3400 et
955 3357 982 3399 Ρ
1002 3346 1166 3416 plenaribus

152 3429 192 3470 ao
218 3418 349 3472 enaribns
367 3429 390 3471 Α
470 3424 503 3471 23
523 3435 701 3473 exerceamus
720 3421 786 3472 Ab:
807 3435 986 3472 exerceamur
1002 3427 1077 3471 BPa

139 3495 178 3544 24
195 3509 253 3546 non
270 3508 313 3548 om
327 3502 351 3548 A
367 3491 457 3566 (neci)
532 3495 566 3546 26
582 3490 722 3546 sollicitae
737 3489 922 3544 Asolliciteo
995 3494 1028 3544 28
1043 3492 1072 3543 et
1086 3507 1129 3544 om
1143 3499 1167 3542 Δ
