2460 3854
500 145 522 202 L
553 151 576 210 1,
597 150 711 200 as-au.
875 112 878 116 ¹
1075 145 1116 209 13

92 316 289 375 festinatione
312 313 467 373 adiciatur.
509 314 579 372 hinc
602 314 681 372 enim
705 315 815 374 accidit
838 314 996 389 dubitatio,
1024 315 1115 373 inter-

91 404 208 478 missi0,
239 403 379 480 repetitio
410 403 479 479 plus
513 421 602 478 quam
635 406 761 478 possunt
792 402 979 479 audentibus,
1010 404 1115 462 deinde

93 513 162 554 cum
196 495 342 568 errarunt,
374 493 468 551 etiam
498 493 536 550 iis
570 511 646 567 quae
678 494 740 550 iam
771 494 870 552 sciunt
903 492 1115 552 diffidentibus.
1222 518 1225 528 ·

93 586 177 644 certa
206 583 247 642 sit
274 601 344 660 ergo
371 579 532 657 inprimis
555 580 654 655 lectio,
685 581 790 640 deinde
814 583 981 656 coniuncta,
1011 584 1042 640 et
1065 581 1116 640 diu
1130 582 1169 637 33

65 672 215 745 alentior,
246 671 338 730 donec
365 671 576 729 exercitatione
605 673 761 747 contingat
784 670 941 729 emendata
963 671 1114 730 velocitas.

93 781 166 821 nam
194 761 362 837 prospicere
389 761 422 817 in
450 759 595 832 dextrum,
625 759 705 835 quod
734 777 835 818 omnes
858 759 1056 836 praecipiunt,
1086 762 1117 818 et
1130 761 1169 818 84

92 849 252 926 providere
279 867 338 907 non
366 848 493 907 rationis
521 847 618 922 modo,
648 847 699 907 sed
722 867 793 907 usus
817 867 933 924 quoque
958 851 1011 922 est,
1042 869 1115 924 que-

93 940 178 998 niam
197 939 352 1014 sequentia
370 939 502 996 intuenti
521 936 622 1014 priora
641 937 765 996 dicenda
784 939 862 1013 sunt,
882 940 920 1013 et,
939 936 1019 1013 quod
1038 937 1115 996 diffi-

94 1029 243 1087 cillimum
274 1029 333 1102 est,
365 1026 525 1086 dividenda
556 1026 684 1085 intentio
718 1028 823 1100 animi,
854 1029 890 1084 ut
923 1027 1004 1085 aliud
1035 1046 1116 1101 voce,

52 1140 80 1180 ro
94 1117 179 1176 aliud
212 1117 306 1175 oculis
338 1118 454 1193 agatur.
496 1115 571 1173 illud
602 1134 661 1173 non
692 1114 859 1192 paenitebit
889 1134 1016 1189 curasse,
1048 1135 1116 1175 cum

94 1207 224 1266 scribere
251 1207 373 1264 nomina
395 1224 478 1280 puer,
505 1205 755 1280 quemadmodum
778 1205 869 1264 moris
893 1207 948 1280 est,
975 1207 1115 1280 coeperit,

93 1315 132 1355 ne
155 1295 233 1353 hanc
257 1313 378 1371 operam
400 1295 431 1351 in
452 1293 604 1353 vocabulis
623 1294 798 1371 vulgaribus
818 1295 848 1352 et
865 1294 943 1352 forte
963 1311 1115 1352 occurren-

93 1385 177 1444 tibus
192 1383 308 1459 perdat.
331 1383 468 1460 protinus
488 1383 567 1440 enim
584 1385 686 1459 potest
702 1382 982 1459 interpretationem
995 1384 1115 1461 linguae
1131 1378 1170 1433 35

95 1474 273 1546 secretioris,
297 1491 370 1547 quas
393 1470 500 1530 Graeci
522 1470 654 1551 γλώσσας
673 1475 790 1547 vocant,
814 1472 886 1530 dum
905 1471 987 1530 aliud
1007 1475 1116 1550 agitur,

53 1584 79 1625 rs
94 1563 226 1622 ediscere
264 1564 294 1620 et
325 1563 404 1619 inter
435 1563 533 1637 prima
565 1561 712 1620 elementa
745 1563 885 1637 consequi
916 1580 980 1620 rem
1012 1563 1117 1638 postea

93 1652 253 1730 proprium
283 1653 400 1727 tempus
434 1650 678 1710 desideraturum.
721 1653 751 1708 et
784 1653 927 1725 quoniam
958 1653 1037 1709 circa
1069 1669 1116 1710 res

94 1741 194 1801 adhuc
221 1742 325 1800 tenues
352 1758 514 1814 moramur,
541 1741 565 1797 ii
593 1759 711 1816 quoque
738 1757 849 1815 versus,
879 1740 932 1816 qui
955 1740 994 1799 ad
1016 1740 1116 1799 imita-

94 1833 209 1889 tionem
234 1828 382 1888 scribeudi
399 1831 611 1905 proponentur,
634 1848 694 1888 non
713 1830 824 1888 otiosas
843 1829 935 1888 velim
953 1831 1116 1888 sententias

94 1919 236 1994 habeant,
259 1918 311 1977 sed
332 1919 489 1978 honestum
513 1918 627 1993 aliquid
645 1921 802 1977 monentis.
833 1919 1025 1994 prosequitur
1043 1919 1117 1977 haec
1131 1923 1170 1977 86

54 2009 241 2070 acmcmoria
267 2009 300 2066 in
327 2009 509 2067 senectutem
538 2009 568 2064 et
589 2009 724 2082 inpressa
748 2010 847 2065 animo
870 2006 940 2065 rudi
962 2026 1056 2083 usque
1080 2007 1117 2065 ad

93 2116 192 2157 mores
220 2096 363 2172 proficiet.
405 2097 498 2155 etiam
525 2096 605 2155 dicta
629 2097 777 2156 clarorum
800 2098 932 2155 virorum
955 2098 985 2154 et
1007 2097 1117 2156 electos

95 2205 131 2247 ex
153 2188 252 2261 poetis
275 2187 402 2244 maxime
425 2177 574 2266 ¹(namque
598 2204 699 2244 eorum
723 2186 854 2263 cognitio
877 2186 979 2260 parvis
1003 2186 1118 2263 gratior

95 2268 155 2358 est)
190 2275 270 2334 locos
304 2275 432 2333 ediscere
463 2274 543 2332 inter
574 2274 675 2334 lusum
706 2274 786 2333 licet.
827 2293 898 2333 nam
929 2277 959 2332 et
988 2276 1117 2332 maxime

95 2365 265 2424 necessaria
288 2367 334 2424 est
356 2365 477 2438 oratori,
506 2363 584 2422 siout
610 2382 663 2423 suo
691 2364 757 2422 loco
780 2362 887 2437 dicam,
914 2364 1059 2423 memoria
1087 2368 1117 2421 et

54 2474 81 2516 as
95 2473 132 2515 ea
154 2454 315 2529 praecipue
336 2452 474 2513 firmatur
496 2454 588 2528 atque
611 2454 705 2512 alitur
727 2452 939 2512 exercitatione
963 2454 1043 2512 etin
1061 2453 1116 2526 his,

96 2543 134 2603 de
157 2543 266 2618 quibus
289 2559 368 2600 nunc
390 2542 549 2618 loquimur,
578 2542 736 2617 aetatibus,
765 2560 841 2617 quae
863 2541 1012 2600 nihildum
1034 2543 1117 2618 ipsae

95 2650 240 2711 generare
268 2650 303 2691 ex
330 2650 361 2690 se
389 2633 511 2707 queunt,
539 2650 632 2708 prope
655 2631 719 2691 sola
742 2634 796 2706 est,
825 2649 901 2706 quae
923 2631 1023 2692 iuvari
1046 2650 1117 2690 cura

96 2721 269 2780 docentium
290 2721 395 2795 possit.
425 2738 485 2779 non
509 2719 641 2778 alienum
663 2721 756 2779 fuerit
779 2721 896 2798 exigere
914 2719 951 2777 ab
970 2721 1017 2778 his
1037 2723 1117 2780 aeta·
1132 2725 1169 2780 87

95 2809 188 2885 tibus,
212 2828 272 2885 quo
291 2810 332 2869 sit
350 2808 516 2868 absolutius
536 2827 568 2868 os
587 2812 618 2868 et
636 2811 802 2884 expressior
820 2828 925 2883 sermo,
943 2812 978 2868 ut
996 2810 1119 2868 nomina

55 2920 83 2963 sc
97 2898 247 2977 quaedam
273 2916 435 2973 versusque
463 2898 631 2956 adfectatae
660 2898 847 2958 difficultatis
871 2898 1064 2974 expluribus
1088 2902 1118 2957 et

97 2988 262 3065 asperrime
290 2987 464 3046 coeuntibus
492 2987 570 3045 inter
592 3006 624 3047 se
648 2987 770 3064 syllabis
794 2990 948 3047 catenatos
971 2991 1001 3046 et
1023 2988 1118 3046 veluti

96 3077 290 3155 confragosos
314 3095 405 3151 quam
427 3077 604 3136 citatissime
626 3077 764 3136 volvant:
794 3075 910 3155 χαλινοί
933 3075 1043 3137 Graece
1066 3096 1117 3137 vo·

96 3169 214 3227 cantur.
237 3185 283 3226 res
303 3165 420 3224 modica
439 3164 530 3238 dictu,
554 3184 613 3240 qua
632 3168 733 3226 tamen
752 3169 863 3226 omissa
880 3165 978 3224 multa
996 3166 1117 3244 linguae
1195 3192 1196 3197 ¹

95 3256 183 3330 vitia,
206 3255 266 3314 nisi
288 3256 393 3331 primis
417 3256 588 3314 eximuntur
610 3257 705 3329 annis,
728 3254 940 3314 inemendabili
964 3257 996 3312 in
1019 3259 1117 3332 poste

58 3365 84 3407 aa
97 3364 167 3406 rum
189 3343 342 3421 pravitate
365 3344 519 3403 durantur.

170 3538 206 3586 35
224 3532 360 3584 durentur
375 3541 419 3584 Pb
