2460 3854
485 129 506 184 Ι.
535 133 559 196 a,
579 133 691 184 aa—aa
1056 129 1099 194 33

81 295 181 370 nibuS,
205 295 241 354 de
260 297 366 372 quibus
386 316 476 372 supra
495 297 632 372 diximus,
650 299 732 358 vitiis
748 299 805 358 erit
818 299 872 356 illa
887 317 962 373 quae
976 300 1101 357 vocatur

82 381 253 463 ὀρθοέπεια,
272 386 304 443 id
319 388 365 446 cst
378 387 536 445 emendata
549 405 616 446 oum
631 389 780 447 suavitate
794 406 901 446 vocum
915 388 1099 462 explanatio:

81 493 154 532 nam
178 475 221 533 sic
244 475 339 550 accipi
361 478 461 550 potest
482 478 572 534 recta.

153 561 257 621 Cetera
284 564 359 623 vitia
382 566 482 623 omnia
506 584 540 624 ex
563 565 698 640 pluribus
721 565 843 626 vocibus
868 567 946 640 sunt,
974 585 1100 640 quorum
1113 565 1153 623 34

55 655 130 716 sest
155 652 400 713 soloecismus.
433 673 616 730 quamquam
641 657 720 714 circa
743 655 798 713 hoc
822 674 942 730 quoque
966 654 1099 730 disputa-

82 745 151 800 tum
175 744 233 816 est3
256 761 326 800 nam
350 745 442 801 etiam
465 745 518 818 qui
542 745 686 820 conplexu
709 746 853 802 orationis
878 743 1009 802 accidere
1032 764 1100 801 eum

81 830 271 904 confitentur,
304 831 374 906 quia
401 835 501 890 tamen
530 833 619 892 unius
648 832 852 891 emendatione
880 832 963 891 verbi
991 834 1100 910 corrigi
1184 871 1186 874 -

79 921 188 996 possit,
216 920 246 976 in
269 920 359 980 verbo
383 939 446 980 esse
469 923 586 996 vitium,
615 941 675 981 non
698 923 729 980 in
752 941 886 981 sermone
909 922 1100 996 contendunt,
1112 923 1152 979 ae

81 1027 160 1083 cum,
179 1010 243 1068 sive
268 1004 398 1069 ‘amarae
417 1007 547 1069 corticis’
573 1030 625 1070 scu
654 1007 762 1070 ‘medio
787 1007 905 1069 cortice’
930 1030 983 1086 per
1006 1030 1098 1087 genus

48 1122 67 1162 ,ο
82 1099 158 1158 facit
190 1098 396 1157 soloecismum
425 1091 564 1178 (quorum
594 1104 733 1159 neutrum
760 1100 881 1176 quidem
908 1099 1099 1175 reprehendo,

81 1207 151 1246 cum
178 1188 219 1246 sit
245 1189 400 1262 utriusque
422 1188 575 1266 Vergilius
604 1192 714 1265 auctor,
743 1189 794 1248 sed
816 1188 963 1266 fingamus
986 1191 1098 1248 utrum·

80 1276 158 1335 libet
187 1296 247 1335 non
276 1280 356 1336 recte
384 1269 519 1359 dictum),
549 1280 677 1338 mutatio
700 1279 781 1337 vocis
812 1279 986 1353 alterius,
978 1298 1009 1335 ιιι
1039 1296 1099 1352 qua

80 1367 192 1424 vitium
222 1369 294 1440 erat,
323 1369 437 1424 rectam
464 1367 605 1442 loquendi
632 1369 779 1464 rationem
806 1369 847 1426 sit
873 1366 970 1426 reddit
957 1369 1035 1440 tura,
1063 1369 1100 1424 ut

82 1449 192 1515 amari
214 1449 344 1514 corticis'
367 1455 422 1519 fiat
445 1456 493 1514 vel
517 1451 632 1537 ‘media
638 1428 778 1515 cortice’.
816 1457 897 1531 quod
923 1457 1099 1515 manifestae

48 1543 251 1606 ccalumniae
275 1547 333 1603 est:
357 1547 495 1604 neutrum
519 1547 597 1603 enirn
620 1547 762 1605 vitiosum
781 1548 827 1605 est
845 1549 1024 1621 separatum,
1048 1545 1099 1604 sed

81 1635 287 1709 conpositione
315 1637 464 1708 peccatur,
493 1653 569 1709 quae
592 1637 654 1694 iam
678 1636 822 1694 sermonis
846 1638 898 1694 est.
935 1634 1011 1692 illud
1034 1654 1098 1693 eru·
1112 1636 1152 1691 36

80 1722 175 1782 ditius
199 1723 361 1798 quaeritur,
389 1741 428 1781 an
450 1724 484 1781 in
506 1724 632 1801 singulis
656 1743 773 1801 quoque
796 1713 893 1783 verbis
917 1725 1012 1800 possit
1034 1723 1099 1782 fieri

80 1812 283 1885 soloecismus,
304 1814 340 1868 ut
363 1813 389 1870 si
411 1831 506 1870 unum
528 1815 595 1888 quis
619 1813 658 1871 ad
681 1832 712 1872 se
735 1831 843 1872 vocans
868 1813 947 1872 dicat
967 1808 1098 1888 ‘venite',

81 1903 138 1960 aut
166 1901 192 1959 si
219 1901 314 1975 pluris
343 1920 361 1959 a
389 1919 420 1959 se
443 1901 596 1961 dimittens
620 1904 665 1961 ita
686 1903 830 1977 loquatur
853 1896 926 1961 ‘abi'
949 1906 1003 1960 aut
1027 1897 1098 1960 ‘dis-

48 2011 66 2050 u
80 1985 174 2049 cedo'.
215 2008 269 2048 nec
296 2009 356 2048 non
379 2009 447 2048 oum
468 2009 641 2066 responsum
666 1990 703 2050 ab
726 1993 929 2068 interrogante
952 1990 1099 2064 dissentit,

79 2082 115 2137 ut
139 2080 166 2138 si
189 2079 300 2137 dicenti
324 2074 424 2153 ‘quem
446 2076 566 2138 uideo‘l'
599 2082 644 2139 ita
667 2099 804 2140 occurras
829 2076 916 2157 ‘ego’.
957 2082 988 2136 in
1013 2082 1099 2157 gestu

80 2170 175 2226 etiam
197 2168 334 2226 nonnulli
352 2170 461 2244 putant
480 2169 560 2228 idem
577 2170 685 2228 vitium
702 2171 807 2242 inesse,
831 2187 898 2227 cum
917 2169 1000 2226 aliud
1017 2187 1098 2242 voce,

80 2257 166 2316 aliud
194 2259 269 2315 nutu
298 2258 345 2315 vel
372 2277 463 2316 manu
491 2258 723 2331 demonstratum
752 2258 821 2317 huic
844 2259 978 2333 opinioni
993 2246 1097 2332 'neque
1112 2259 1149 2316 81

80 2345 202 2406 omnino
231 2346 337 2405 accedo
360 2366 456 2423 neque
478 2349 567 2422 plane
591 2347 742 2406 dissentio.
783 2366 853 2405 nam
876 2347 908 2405 id
930 2348 1027 2405 fateor
1051 2365 1097 2405 ac-

48 2453 66 2495 u
81 2436 180 2494 cidere
209 2452 281 2495 voce
310 2455 380 2509 una,
410 2455 470 2495 non
499 2439 600 2495 tamen
628 2437 716 2495 aliter
743 2455 833 2511 quam
861 2437 887 2496 si
910 2438 950 2495 sit
973 2436 1097 2511 aliquid,

80 2524 162 2602 quod
191 2524 253 2582 vim
280 2524 403 2584 alterius
427 2525 508 2585 vocis
532 2528 675 2601 optineat,
703 2525 741 2584 ad
764 2525 846 2600 quod
867 2544 924 2585 vox
946 2526 1000 2584 illa
1022 2524 1097 2584 refe·

78 2615 179 2673 ratur:
206 2616 241 2672 ut
263 2614 453 2674 soloecismus
478 2635 512 2673 ex
535 2616 689 2690 complexu
711 2614 765 2672 fiat
787 2634 897 2689 eorum,
921 2614 1027 2690 quibus
1050 2633 1097 2672 res

80 2702 287 2780 significantur
311 2706 341 2762 et
363 2703 502 2762 voluntas
521 2705 695 2763 ostenditur.
729 2707 819 2779 atque
838 2707 872 2762 ut
891 2723 1007 2762 omnem
1026 2705 1096 2761 effu·
1112 2703 1150 2758 38

79 2794 164 2869 giam
186 2791 417 2868 cavillationem,
441 2792 480 2851 sit
503 2793 664 2868 aliquando
682 2796 713 2851 in
732 2812 793 2851 uno
813 2794 910 2867 verbo,
934 2812 1098 2868 numquam

48 2901 66 2942 u
79 2883 111 2939 in
142 2881 206 2939 solo
236 2881 335 2940 verbo.
377 2902 430 2958 per
458 2885 531 2957 quot
558 2886 659 2941 autem
687 2886 716 2940 et
739 2902 813 2958 quas
837 2882 954 2941 accidat
977 2884 1098 2957 species,

79 2989 140 3030 non
164 2969 238 3029 satis
262 2974 408 3030 convenit.
442 2973 494 3047 qui
516 2972 696 3047 plenissime,
721 2971 969 3047 quadripertitam
991 2973 1098 3031 volunt

79 3078 143 3120 esse
172 3058 319 3118 rationem
347 3079 400 3118 nec
424 3061 514 3119 aliam
539 3081 629 3136 quam
652 3060 837 3135 barbarismi,
867 3063 903 3119 ut
925 3060 978 3118 fiat
1002 3060 1097 3119 adiec-

152 3269 167 3318 9
188 3265 246 3318 ldcl.
267 3273 291 3332 6,
311 3272 344 3318 62
366 3299 398 3306 -
419 3265 517 3337 Georg.
538 3274 562 3334 2,
584 3273 616 3322 14

151 3448 185 3501 18
204 3444 248 3496 uti
267 3443 291 3496 si
310 3453 364 3496 ΒΡ
425 3450 459 3498 20
478 3445 698 3514 interrogatione
718 3455 744 3497 Ρ
806 3451 839 3497 23
859 3460 910 3496 nec
929 3443 1043 3496 omnino
1065 3443 1097 3494 ΑΙ

131 3522 167 3570 24
186 3515 217 3569 id
233 3532 317 3583 posse
335 3516 427 3569 fateor
444 3526 473 3568 Ρ
539 3521 572 3569 26
591 3515 714 3572 refertur
734 3517 770 3571 Αι
836 3522 872 3570 ‘cll
890 3531 946 3585 per
965 3530 1042 3581 duaa
1064 3523 1084 3564 a

121 3613 284 3659 errrrrnmrrr
298 3615 331 3654 cd.
347 3615 579 3660 Radermacher.
601 3620 621 3662 1.
950 3609 971 3654 ’ᾗ
