2460 3854
463 141 497 197 Π.
516 146 541 208 4,
561 147 674 199 rr-as.
1044 143 1084 207 81

68 311 176 388 quaeri
199 311 276 370 solet
298 310 334 369 de
357 313 499 386 tempore,
528 311 564 368 de
591 311 665 385 loco,
693 331 752 386 quo
780 315 865 388 gesta
893 330 941 370 res
968 312 1085 388 dicitur,

68 419 296 475 nonnumquam
319 398 355 457 de
378 418 506 475 persona
529 400 656 475 quoqne,
680 402 758 458 sicut
780 400 885 460 Livius
909 402 1085 476 frequentis-

69 493 145 549 sime
170 488 290 547 dubitat
313 489 420 546 etalii
442 488 480 546 ab
504 488 572 548 aliis
595 489 731 548 historici
755 490 941 549 dissentiunt.

136 577 212 637 Inde
243 577 392 653 paulatim
420 577 460 635 ad
490 578 605 636 maiora
628 579 749 637 tendere
776 580 909 654 incipiet,
936 579 1140 644 laudarem

48 669 167 727 solares
190 668 271 726 viros
295 669 325 724 et
347 667 556 742 vituperare
579 666 732 742 inprobos:
757 668 836 743 quod
859 687 919 727 non
942 669 1085 744 simplicis

69 757 216 815 utilitatis
239 774 314 831 opus
337 758 390 814 est.
414 774 542 831 namque
566 758 597 814 et
623 756 776 833 ingenium
805 760 958 816 exercetur
984 758 1084 817 multi-

69 846 141 922 plici
175 846 319 920 variaque
350 846 478 904 materia
510 847 541 902 et
577 845 693 903 animus
730 846 979 922 contemplatione
1011 847 1085 905 recti

68 937 217 1010 pravique
241 935 395 1008 formatur,
426 935 456 992 et
482 934 579 991 multa
610 933 678 992 inde
710 936 841 1012 cognitio
871 955 970 994 rerum
1002 939 1085 996 venit

70 1024 282 1100 exemplisque,
305 1041 382 1098 qnae
405 1025 476 1082 sunt
498 1023 531 1080 in
553 1024 635 1081 omni
662 1041 768 1100 genere
796 1042 955 1083 causarum
981 1032 1083 1100 poten-

48 1114 198 1186 otissima,
221 1112 281 1170 iam
304 1116 369 1170 tum
391 1111 524 1185 instruit,
554 1130 620 1170 cum
644 1130 690 1170 res
713 1117 824 1188 poscet,
854 1132 984 1173 usurum.
1015 1114 1085 1173 hinc
1099 1121 1135 1175 21

69 1202 122 1265 illa
142 1220 262 1277 quoque
282 1202 455 1260 exercitatio
474 1201 554 1259 subit
572 1202 871 1277 comparationis,
894 1207 961 1261 uter
978 1204 1085 1262 melior

68 1294 175 1350 uterve
198 1291 341 1350 deterior:
365 1308 441 1366 quae
461 1307 642 1365 quamquam
656 1293 793 1350 versatur
806 1293 839 1349 in
852 1294 969 1351 ratione
983 1293 1083 1367 simili,

68 1383 172 1453 tamen
196 1381 226 1438 et
249 1379 384 1455 duplicat
405 1380 563 1438 materiam
583 1381 613 1436 et
635 1378 782 1438 virtutum
806 1380 1006 1457 vitiorumque
1024 1401 1085 1440 non

68 1471 190 1528 tentum
222 1470 369 1542 naturam,
401 1467 452 1526 sed
485 1467 577 1526 etiam
608 1468 728 1527 modurn
761 1471 879 1528 tractat.
912 1489 1015 1529 verum
1048 1472 1084 1529 de

49 1558 174 1616 sordine
191 1557 299 1616 laudis
327 1559 504 1632 contraque,
531 1559 672 1632 quoniam
700 1560 792 1616 tertia
819 1559 892 1618 haec
922 1559 1083 1619 rhetorices

68 1666 139 1723 pars
165 1649 218 1724 est,
241 1645 459 1722 praecipiemus
483 1664 535 1704 suo
559 1648 699 1721 ternpore.

136 1733 347 1794 Communes
370 1736 442 1795 loci
471 1727 521 1815 (de
548 1736 585 1794 iis
608 1736 722 1810 loquor,
753 1735 862 1811 quibus
886 1737 961 1796 citra
983 1757 1082 1814 perso·
1098 1749 1135 1802 22

67 1844 121 1884 nas
144 1825 179 1884 in
201 1826 268 1900 ipsa
299 1826 376 1884 vitia
403 1826 494 1883 moris
527 1827 573 1882 est
603 1843 751 1900 perorare,
781 1828 815 1883 ut
844 1827 876 1884 in
907 1827 1082 1902 adulterum,

68 1915 241 1988 aleatorem,
263 1906 464 1995 petulantem)
488 1933 523 1971 ex
546 1913 650 1972 mediis
675 1916 745 1973 sunt
758 1913 878 1973 iudiciis
897 1917 935 1989 et,
955 1918 981 1974 si
999 1935 1083 1974 reum

48 2003 193 2078 >adicias
217 2002 432 2063 accusationes:
457 2021 638 2077 quamquam
653 2002 684 2060 hi
700 2021 817 2078 quoque
832 2004 868 2062 ab
883 2004 936 2063 illo
951 2005 1083 2082 generali

67 2095 205 2151 tractatu
228 2091 266 2149 ad
289 2092 434 2167 quasdam
459 2091 563 2150 deduci
587 2094 699 2167 species
723 2092 828 2167 solent,
851 2095 887 2151 ut
910 2095 936 2151 si
953 2098 1084 2168 ponatur

68 2182 189 2240 adulter
221 2199 333 2252 caecus,
367 2181 482 2240 aleator
512 2199 635 2256 pauper,
667 2183 806 2256 petulans
840 2199 934 2239 senex.
972 2183 1083 2241 habent

67 2273 168 2329 autem
184 2288 409 2347 nonnumquam
424 2272 514 2328 etiam
530 2270 742 2345 defensionem3
762 2289 829 2328 nam
851 2273 881 2328 et
893 2290 948 2346 pro
962 2273 1081 2330 luxuria
1096 2282 1134 2336 28

67 2362 97 2419 et
120 2378 177 2436 pro
201 2378 301 2418 amore
324 2359 458 2433 dicimus,
488 2362 518 2417 et
541 2360 608 2417 leno
641 2361 762 2418 interim
792 2360 1000 2436 parasitusque
1033 2362 1081 2419 de-

48 2450 203 2508 ¹·fenditur
224 2450 275 2522 sic,
297 2451 332 2507 ut
354 2467 412 2507 nou
436 2448 549 2506 homini
572 2450 801 2524 patrocinemur,
824 2448 875 2509 sed
898 2450 1022 2509 crimini.

135 2537 261 2595 Thesis
285 2539 394 2611 autem,
416 2556 493 2612 quae
514 2539 672 2596 sumuntur
690 2556 724 2594 ex
737 2557 836 2596 rerum
850 2541 1080 2615 comparatione,
1096 2547 1134 2604 24

65 2630 101 2686 ut
121 2623 285 2686 ‘rusticane
307 2626 372 2685 vita
396 2645 435 2684 an
456 2626 571 2684 urbana
594 2622 725 2702 potior?’
748 2621 831 2685 ‘iuris
845 2627 936 2703 periti
950 2648 988 2687 an
1002 2630 1080 2686 mili-

65 2717 142 2775 taris
165 2715 224 2775 viri
238 2716 303 2774 laus
327 2711 453 2774 maiorl’
478 2716 552 2773 mire
572 2718 640 2773 sunt
663 2715 700 2773 ad
721 2716 943 2776 exercitationes
965 2718 1080 2776 dicendi

67 2805 220 2882 speciosae
243 2808 333 2880 atque
355 2803 468 2879 uberes,
492 2824 568 2879 quae
592 2804 640 2862 vel
664 2805 701 2861 ad
724 2804 867 2863 suadendi
882 2805 1014 2865 officium
1033 2808 1080 2865 vel

48 2893 160 2953 letiam
175 2893 213 2951 ad
227 2893 370 2953 iudicium
385 2893 689 2969 disceptationemque
703 2894 809 2952 iuvant
821 2894 997 2968 plurimum:
1011 2916 1080 2955 nam

67 2983 217 3060 posterior
240 3002 276 3041 ex
306 2983 467 3059 praedictis
497 2984 580 3041 locus
603 2983 633 3039 in
658 3001 747 3041 causa
770 2983 912 3042 Murenae
940 2984 1080 3059 copiosis-

67 3075 184 3133 simea
215 3070 353 3131 Cicerone
383 3075 538 3131 tractatur.
570 3075 639 3131 sunt
669 3075 699 3130 et
726 3073 797 3130 illae
820 3092 913 3147 paene
936 3076 1018 3132 totae
1042 3074 1080 3132 ad
1095 3083 1132 3138 25

67 3160 297 3220 deliberativum
329 3161 511 3236 pertinentes
539 3180 632 3238 genus
661 3157 842 3220 ‘ducendane
871 3181 952 3236 uxor,
979 3166 1079 3237 peten-

65 3318 281 3327 ———--

140 3389 173 3437 10
192 3383 386 3438 instruitur-
403 3402 503 3438 usurus
515 3394 578 3437 Pae
651 3391 683 3438 17
703 3385 747 3437 his
767 3395 817 3438 AB
888 3391 921 3439 18
940 3385 1003 3452 ipsa
1020 3385 1079 3438 vita

66 3467 93 3510 B
110 3456 203 3526 ipsam
222 3455 309 3509 vitam
328 3465 355 3507 Ρ
442 3462 476 3509 28
496 3455 722 3509 exercitationem
741 3465 763 3507 Α
859 3461 892 3509 30
911 3455 1078 3509 iudiciorum

65 3527 302 3596 disceptationem
320 3536 342 3579 A
360 3527 530 3581 iudiciorum
549 3525 847 3599 disceptationumque
865 3527 924 3582 or*

113 3625 291 3670 orrmnurrvs
305 3626 339 3664 ed.
355 3627 587 3671 Radermacher.
602 3631 621 3672 I.
931 3625 950 3667 lt
