2460 3854
394 130 441 187 111.
462 138 505 199 11,
525 136 620 187 c-ss.
953 131 1015 197 181

38 301 93 360 ›eri
133 301 182 359 sui
222 299 412 376 potissimum
452 302 553 376 petere
594 295 771 359 debuerint'.
808 304 934 360 utuntur
965 301 1019 360 alii
1033 301 1071 356 1s

63 389 176 449 talibus
214 390 372 464 exemplis:
414 383 479 466 ‘qui
513 389 592 449 bona
628 393 754 465 paterna
795 391 1018 466 consumpserit,
1103 394 1107 407 ‘

65 480 268 538 contionatur:
299 479 331 536 in
362 497 453 554 opera
483 478 605 553 publica
637 474 841 553 consumpsit':
874 481 1018 555 quaesti0,

38 619 40 626 ,
65 569 201 644 quisquis
230 569 447 642 consumpserit
477 567 678 643 prohibendus
711 569 762 642 sit,
794 568 947 642 iudicatio,
980 588 1019 627 an

38 659 58 715 ri
81 657 131 716 sic.
162 657 212 717 vel
234 658 266 714 in
285 674 376 717 causa
397 656 503 715 militis
527 656 665 730 Arrunti,
694 659 747 733 qui
774 656 898 716 Lusium
924 657 1017 716 tribu·
1034 655 1072 711 14

38 767 74 804 un
97 747 159 804 vim
183 745 241 805 sibi
263 746 442 805 inferentem
464 747 623 820 interfecit,
653 747 799 821 quaestio,
828 765 866 804 an
889 747 953 804 iure
977 747 1018 805 fe-

38 835 85 910 rit,
108 835 196 909 ratio,
227 834 356 910 quodie
379 836 441 893 vim
464 835 631 907 adferebat,
658 834 812 908 indicatio,
841 854 879 893 an
906 835 1019 894 indem-

38 927 118 996 .tum,
147 943 186 982 an
215 923 371 991 tribunum
399 924 536 983 amilite
565 924 660 982 occidi
687 925 861 998 oportuerit.
895 924 1019 983 alterius
1034 923 1072 977 15

38 1014 95 1072 iam
128 1016 224 1073 status
257 1014 470 1088 quaestionem,
502 1013 625 1072 alterius
656 1013 870 1071 iudicationem
901 1015 1018 1088 putant.

38 1103 141 1162 [aestio
164 1102 332 1178 qualitatis,
355 1121 394 1160 an
416 1104 496 1160 recte
517 1101 654 1160 Clodium
672 1101 745 1160 Milo
770 1102 919 1177 occiderit,
940 1102 1018 1160 iudi-

38 1192 82 1250 tio
106 1191 325 1264 coniecturalis,
348 1209 387 1249 an
411 1189 532 1250 Clodius
553 1191 679 1250 insidias
702 1191 814 1250 fecerit.
851 1195 967 1267 ponunt
990 1194 1020 1249 et
1035 1191 1073 1244 16

38 1281 89 1355 ud,
114 1299 202 1355 saepe
216 1298 336 1339 causam
359 1280 390 1337 in
414 1281 547 1356 aliquam
570 1299 632 1339 rem
656 1279 777 1355 dimitti,
801 1298 878 1355 quae
901 1281 1021 1339 nonsit

39 1369 126 1445 opria
149 1371 341 1444 quaestionis
372 1369 460 1428 etde
484 1389 519 1428 ea
541 1369 676 1427 iudicari.
708 1369 858 1444 aquibus
888 1370 1018 1428 multum

38 1458 156 1519 ssentio.
189 1477 259 1515 nam
287 1461 317 1516 et
339 1458 393 1515 illa
421 1458 555 1533 quaestio
590 1453 640 1516 ‘an
670 1477 779 1533 omnes,
813 1459 865 1533 qui
893 1462 1019 1534 patema

38 1567 81 1606 na
124 1548 374 1622 consumpserint,
410 1548 547 1607 contione
584 1549 645 1605 sint
685 1542 873 1622 prohibendi'
910 1548 1021 1606 habeat

38 1640 124 1696 ›ortet
146 1654 232 1695 suam
254 1636 475 1695 iudicationem.
508 1655 578 1713 ergo
605 1656 665 1695 non
697 1637 757 1695 alia
781 1637 926 1711 quaestio,
959 1637 1020 1695 alia

38 1727 150 1785 dicatio
175 1727 242 1799 erit,
264 1725 315 1784 sed
329 1725 429 1800 plures
449 1727 637 1800 quaestiones
653 1727 683 1783 et
696 1726 798 1801 plures
812 1726 1018 1784 iudicationes.

38 1813 99 1874 rid?
131 1833 191 1873 non
213 1816 245 1872 in
269 1832 359 1874 causa
382 1814 502 1872 Milonis
525 1814 592 1889 ipsa
623 1816 793 1873 coniectura
822 1815 949 1873 refertur
982 1814 1020 1873 ad
1035 1813 1070 1867 17

38 1901 203 1964 talitatem‘?
235 1922 305 1961 nam
338 1904 364 1961 si
396 1907 441 1961 est
467 1903 625 1962 insidiatus
655 1902 788 1977 Clodius,
821 1903 956 1978 sequitur
985 1905 1021 1961 ut

38 1998 84 2053 cte
107 1994 148 2052 sit
171 1994 292 2051 occisus.
316 1987 339 2070 †
358 2011 425 2050 oum
447 1993 568 2051 veroin
587 1993 721 2067 aliquam
738 2011 799 2050 rem
818 1994 910 2051 missa
929 2010 1020 2050 causa

38 2077 78 2162 st]
102 2100 250 2141 recessum
273 2084 318 2140 est
341 2101 359 2140 a
382 2082 568 2156 quaestione,
593 2100 667 2156 quae
691 2085 764 2155 erat,
787 2082 835 2139 hic
858 2082 1021 2140 constituta

38 2171 150 2244 aestio,
172 2171 224 2229 ubi
246 2170 390 2230 iudicatio
414 2173 467 2228 est.

70 2261 200 2319 Paulum
221 2261 255 2317 in
281 2259 327 2317 his
351 2278 451 2318 secum
474 2260 565 2317 etiam
590 2258 690 2317 Cicero
715 2259 861 2318 dissentit.
889 2277 959 2317 nam
986 2261 1019 2316 in
1034 2257 1073 2311 18

39 2351 177 2422 etoricis,
202 2368 290 2424 quem
314 2348 353 2406 ad
374 2348 495 2406 modum
519 2367 609 2424 supra
636 2348 711 2421 dixi,
739 2348 947 2425 Hermagoran
975 2351 1020 2406 est

38 2443 131 2498 cutus.
159 2438 190 2496 in
218 2439 327 2512 topicis
356 2457 391 2494 ex
414 2438 495 2496 statu
519 2437 654 2496 effectam
678 2439 896 2496 contentionem
919 2434 1019 2518 κρινό-

39 2550 95 2587 νον
119 2528 280 2601 existimat,
302 2527 392 2602 idque
416 2526 565 2600 Trebatio,
593 2529 647 2602 qui
668 2526 742 2585 iuris
766 2529 831 2585 erat
858 2527 1020 2600 consultus,

38 2617 149 2676 ludens
173 2635 243 2691 qua
265 2615 306 2674 de
328 2635 365 2674 re
389 2617 513 2692 agitur
531 2617 677 2692 appellat:
702 2616 809 2691 quibus
823 2615 854 2672 id
869 2618 1019 2675 continea-

37 2728 63 2780 r,
100 2705 342 2779 continentia,
379 2707 484 2780 quasi
519 2705 750 2764 firmamenta
782 2705 1019 2778 defensioniS,

37 2795 136 2854 1ibus
160 2793 319 2853 sublatis
343 2793 505 2853 defensio
529 2794 629 2851 nulla
654 2796 710 2854 sit.
739 2797 771 2853 at
793 2796 826 2851 in
848 2795 1018 2869 partitioni·
1035 2791 1072 2846 19

38 2904 61 2943 ιε
85 2884 225 2944 oratoriis
249 2885 530 2955 firmamentum,
559 2883 639 2957 quod
662 2885 823 2958 opponitur
846 2884 1019 2955 defensioni,

38 2975 76 3032 da
100 2974 262 3047 continens,
293 2973 373 3048 quod
399 2974 529 3048 primum
553 2973 601 3043 sit,
631 2971 669 3029 ab
693 2981 864 3032 accusatore
892 2973 1019 3045 dicatur,

76 3149 110 3196 25
129 3142 198 3210 Top.
218 3147 260 3208 25,
280 3147 314 3196 95
332 3173 368 3183 —
387 3147 421 3195 30
441 3158 456 3195 c
475 3146 517 3207 29,
538 3145 588 3194 103
608 3158 660 3209 sqq

77 3310 90 3356 1
117 3304 161 3356 sui
184 3302 362 3372 potissimum
388 3311 436 3364 Po
462 3303 516 3357 eie.
540 3301 719 3370 potissimum
736 3310 764 3353 Β
780 3302 838 3370 pot.
858 3300 902 3354 sui
924 3311 947 3353 A

38 3375 146 3430 Arunci
165 3384 192 3427 Ρ
208 3374 333 3428 Aurunci
352 3375 457 3444 Raptus
530 3378 562 3426 18
581 3371 720 3427 referatur
737 3382 792 3425 ΒΡ
862 3378 894 3426 21
915 3375 958 3427 est
976 3373 1020 3426 del

38 3449 111 3572 oqu2l
129 3446 290 3571 qqtiagnqtda
303 3454 332 3497 Β
346 3447 350 3513 Ι
366 3444 412 3498 hic
427 3444 581 3498 constituta
598 3453 627 3496 Β
644 3460 666 3497 c.
681 3443 728 3496 hio
743 3454 770 3497 Ρ
787 3445 816 3498 et
828 3442 875 3497 hic
894 3445 980 3498 const.
995 3453 1019 3496 Δ
