2460 3854
246 1041 250 1060 ,
370 984 535 1058 sinna
563 984 774 1069 saurus

395 1317 400 1325 ,
446 1256 693 1316 Prooemium.

71 1485 73 1490 .
127 1432 220 1506 Haec,
248 1433 388 1492 Marcelle
411 1433 523 1508 Vltori,
552 1453 587 1492 ex
613 1438 667 1492 tua
694 1436 849 1494 voluntate
876 1436 1005 1497 maxime
1032 1436 1112 1494 in-1

65 1540 189 1598 gressus,
212 1525 278 1580 turn
301 1524 327 1581 si
348 1541 411 1597 ,qua
435 1542 469 1581 ex
492 1523 577 1582 nobis
602 1524 640 1581 ad
663 1523 784 1583 iuvenes
807 1524 900 1584 bonos
923 1526 1079 1600 pervenire

36 1615 164 1685 sposset
187 1611 314 1688 utilitas,
338 1612 499 1672 novissime
522 1632 617 1687 paene
641 1613 731 1674 etiam
754 1613 929 1673 necessitate
949 1613 1079 1690 quadam

67 1700 154 1761 officii
183 1691 316 1777 delegati,
340 1701 423 1759 mibi¹
445 1701 546 1760 sedulo
576 1701 759 1776 laborabam,
787 1703 947 1778 respiciens
977 1706 1079 1762 tamen

66 1789 145 1849 illam
172 1807 273 1848 curam
296 1808 380 1848 meae
410 1790 584 1866 voluptatis,
614 1791 695 1865 quod
725 1790 798 1866 filio,
830 1793 913 1850 cuius
947 1788 1078 1860 eminens

66 1878 218 1956 ingenium
248 1878 408 1938 sollicitam
439 1898 556 1954 quoque
579 1882 712 1954 parentis
736 1879 923 1958 diligentiam
946 1881 1078 1940 mereba-

66 1969 121 2043 tur,
144 1968 391 2043 banooptimem
414 1972 531 2043 partem
559 1969 717 2028 relicturus
743 1969 919 2028 hereditatis
946 1970 1078 2044 videbar,

19 2070 53 2112 10
64 2060 103 2131 ut,
128 2058 155 2115 si
178 2076 236 2130 me,-
264 2056 342 2132 quod
366 2075 470 2117 aecum
495 2066 535 2120 et⁴
552 2057 684 2135 optabile
712 2059 785 2133 fuit,
813 2060 877 2117 fata
904 2058 1077 2135 intercepis-

63 2151 136 2221 sent,
160 2149 352 2222 praeceptore
374 2142 476 2206 tamen
498 2150 584 2222 patre
608 2151 747 2220 uteretur.
776 2149 809 2206 at
831 2148 1021 2222 menfortuna
1044 2147 1076 2206 id
1095 2151 1113 2204 2

62 2238 200 2314 agentem
233 2234 337 2297 diebus
368 2255 401 2294 ac
429 2235 565 2297 noctibus
596 2238 847 2312 festinantemque
879 2239 961 2295 metu
992 2256 1077 2297 meae

63 2324 261 2384 mortalitatis
275 2326 321 2386 ita
334 2325 433 2385 subito
452 2327 624 2402 prostravit,
647 2330 681 2385 ut
700 2325 811 2384 laboris
829 2327 889 2384 mei
906 2327 1021 2386 fructus
1040 2327 1078 2386 ad

60 2416 214 2472 neminem
237 2414 335 2472 minus
360 2433 451 2490 quam
474 2415 512 2473 ad
534 2434 582 2474 me
605 2418 775 2491 pertineret.
808 2415 894 2474 illum
922 2417 1010 2490 enim,
1042 2416 1078 2475 de

16 2511 44 2554 15
62 2522 124 2580 quo
150 2520 265 2561 summa
288 2522 480 2579 conceperam
504 2507 534 2561 et
556 2506 587 2561 in
611 2524 670 2579 qno
689 2522 772 2580 spem
786 2507 905 2564 unicam
919 2507 1079 2565 senectutis

58 2591 253 2669 reponebam,
280 2594 408 2668 repetito
437 2592 559 2662 vulnere
592 2592 728 2653 orbitatis
766 2593 859 2653 amisi.
893 2595 965 2670 quid
997 2597 1113 2653 nunctl

56 2677 172 2760 agam?
201 2683 253 2738 aut
276 2677 365 2756 quem
388 2671 469 2739 ultra
492 2698 554 2739 esse
577 2699 663 2740 usum
686 2685 746 2740 mei
769 2683 814 2742 dis
841 2679 1077 2760 repugnantibus

57 2766 203 2830 credam?
226 2789 296 2828 nam
319 2771 364 2829 ita
386 2769 463 2827 forte
483 2760 608 2844 accidit,
641 2774 675 2828 ut
707 2791 774 2829 eum
807 2790 925 2848 quoque
957 2773 1077 2849 librum,

60 2878 154 2936 quem
178 2857 213 2915 de
237 2860 334 2918 causis
358 2861 515 2933 corruptae
538 2858 725 2933 eloquentiae
749 2861 842 2935 emisi,
865 2861 926 2919 iam
950 2862 1076 2922 seribere

10 2951 39 2998 ²0
61 2948 222 3024 adgressus
245 2949 308 3006 ictu
338 2948 431 3008 simili
454 2947 566 3009 ferirer.
595 2967 687 3009 unum
714 2949 808 3024 igitur
836 2952 982 3025 optimum
1009 2951 1077 3024 t'uit,

59 3039 229 3105 infaustum
266 3055 340 3113 opus
373 3040 403 3097 et
433 3035 580 3111 quidquid
610 3036 666 3094 hoc
696 3041 740 3096 est
771 3037 803 3096 in
834 3057 882 3099 me
911 3040 1077 3102 infelicium

60 3128 231 3192 litterarum
264 3145 353 3202 super
384 3128 578 3184 immaturum
610 3125 702 3183 funus
732 3129 929 3191 consumturis
961 3130 1076 3190 uiscera

59 3233 127 3274 mea
150 3214 277 3273 flammis
301 3217 410 3275 inicere
433 3234 529 3290 neque
551 3215 628 3272 hanc
651 3215 776 3289 impiam
803 3217 996 3276 vivacitatem
1024 3236 1075 3276 no·

134 3390 153 3438 8
169 3384 260 3438 Vitori
271 3387 447 3441 11100101000.-
471 3385 579 3439 Victori
672 3387 705 3436 10
725 3399 822 3437 aecum
840 3395 863 3437 A
881 3387 956 3441 solus
978 3402 1075 3455 perae-

61 3475 147 3525 quum
167 3466 255 3522 PM
267 3461 327 3526 (per
340 3461 414 3527 eum)
470 3463 503 3511 17
522 3454 739 3525 reprobantibus
756 3455 869 3509 01³¹m
927 3462 961 3510 20
975 3459 1078 3526 unum]

60 3530 213 3583 numlibet
231 3530 314 3596 (nunc
335 3532 364 3598 o)
715 3543 718 3549 ’
787 3542 790 3549 ’

886 3613 943 3664 bb*
