2460 3854
301 126 335 181 11.
356 131 397 194 1s,
416 131 441 181 1.
462 131 505 194 19,
526 130 763 194 1-e.ao‚1-r.
981 125 1043 189 121

66 292 111 352 sire
126 294 233 371 litteris,
257 314 318 371 qua
340 296 389 355 vel
405 295 593 373 impudentia
611 295 660 355 vel
677 296 771 355 fames
786 295 879 372 duxit,
902 285 1045 376 ruentes),

66 383 103 440 aut
118 385 216 443 malam
235 385 322 462 quasi
345 387 451 460 artem,
474 404 567 461 quam
593 383 783 462 κακοτεχνίαν
811 383 947 444 dicimus.
975 402 1046 443 nam

64 472 86 527 et
101 472 173 533 fuisse
194 475 306 533 multos
329 477 360 533 et
383 493 447 534 esse
469 475 629 536 nonnullos
656 475 803 550 existimo,
836 475 890 548 qui
918 474 1045 532 faculta-

64 560 428 623 tendicendiadbominum
437 563 598 639 perniciem
609 563 815 623 converterint.
839 561 1041 640 ματαιοτεχνία
1072 565 1092 620 t

48 666 151 725 equoque
177 655 222 724 est
250 653 412 729 quaedam,
443 653 475 710 id
508 655 553 712 est
585 671 768 728 supervacua
798 654 871 710 artis
903 653 1044 725 imitatio,

62 755 117 811 quae
134 742 205 799 nibil
228 760 300 801 sane
321 760 419 817 neque
437 741 509 801 boni
527 761 623 816 neque
636 742 712 799 mali
724 740 843 814 habeat,
866 741 918 800 sed
932 760 1044 801 vanum

61 825 169 906 laborem,
192 832 291 906 qualis
317 831 401 890 illius
432 831 501 905 fuit,
533 833 587 906 qui
616 849 710 908 grana
743 831 846 889 ciceris
879 850 914 889 ex
944 832 1043 906 spatio

61 913 160 980 dstanm
181 920 274 980 missa
296 921 329 978 in
352 939 438 979 acum
462 922 603 979 continuo
627 924 658 978 et
687 921 751 979 sine
777 920 971 978 frustratione
998 922 1042 978 in-

60 1007 159 1084 serebat3
188 1029 276 1084 quem
300 1029 367 1069 cum
390 1011 554 1085 spectasset
575 1008 754 1082 Alexander,
781 1008 905 1068 donasse
933 1008 1043 1067 dicitur

48 1095 159 1156 ciusdem
188 1099 348 1175 leguminis
377 1097 488 1173 modio,
529 1098 610 1173 quod
644 1098 765 1174 quidem
791 1100 958 1173 praemium
985 1099 1045 1156 fuit

57 1179 94 1242 illo
111 1205 191 1263 opere
211 1187 429 1264 dignissimum.
452 1187 500 1247 his
518 1207 573 1266 ego
593 1186 808 1262 comparandos
827 1187 973 1261 existimo,
992 1187 1043 1263 qui
1071 1191 1098 1246 ,4

55 1271 360 1352 indeclamationibus,⁴
379 1295 453 1352 quas
472 1294 534 1336 esse
553 1278 677 1336 veritati
695 1276 910 1336 dissimillimas
929 1277 1042 1351 volunt,

54 1365 157 1424 ubetem
179 1367 276 1425 multo
299 1366 399 1425 studio
422 1384 457 1426 ac
479 1366 582 1425 labore
612 1368 796 1425 consumunt.
828 1385 932 1424 verum
962 1366 1043 1441 haec,

52 1468 119 1524 quam
140 1457 298 1514 instituere
322 1473 472 1517 conamur.
491 1459 521 1514 et
549 1457 631 1514 cuius
659 1456 820 1532 imaginem
849 1455 948 1514 animo
976 1474 1043 1514 oon·

51 1544 169 1619 cepimus,
193 1563 270 1620 quae
292 1544 370 1604 bono
393 1545 458 1604 viro
482 1546 622 1603 convenit
646 1564 780 1619 quaeque
808 1547 852 1603 est
882 1563 950 1602 vere
977 1545 1042 1602 rhe-

48 1629 130 1707 torice,
152 1633 248 1693 virtus
272 1633 336 1692 erit.
361 1633 440 1708 quod
462 1634 635 1710 philosophi
650 1634 770 1708 quidem
783 1634 887 1692 multis
902 1636 933 1692 et
947 1636 1042 1693 acutis
1076 1638 1097 1692 b

48 1722 267 1782 conclusionibus
300 1722 455 1800 eolligunt,
486 1723 562 1781 mihi
593 1741 663 1781 vero
697 1724 788 1782 etiam
820 1723 955 1798 planiore
986 1725 1043 1781 hac

48 1811 206 1888 ¹croprieque
228 1813 333 1871 nostra
354 1811 530 1887 probatione
554 1812 673 1870 videtur
696 1831 759 1872 asse
782 1813 980 1887 perspicuum.

94 1901 141 1960 Ab
164 1900 226 1960 illis
249 1899 323 1960 haec
341 1900 489 1960 dicuntum.
514 1902 540 1960 si
558 1920 719 1961 consonare
733 1901 791 1960 sibi
804 1903 837 1959 in
851 1902 994 1960 faciendis
1009 1919 1044 1960 ae

48 2008 87 2049 lon
109 1989 253 2049 faciendis
276 1990 373 2050 virtus
396 1993 442 2048 est
465 1982 555 2071 (quae
583 2009 653 2065 pars
677 1992 740 2048 eius
768 1990 927 2065 prudentia
956 2008 1043 2048 voca·
1088 2040 1091 2047 ,

48 2072 99 2161 ur),
122 2079 228 2139 eadem
244 2081 277 2137 in
291 2078 422 2138 dicendis
446 2098 481 2138 ac
504 2098 565 2137 non
583 2079 714 2139 dicendis
734 2081 798 2137 erit.
823 2081 854 2138 et
872 2081 898 2137 si
916 2081 1043 2137 virtutes
1076 2082 1096 2135 6

48 2171 104 2243 unt,
128 2168 168 2226 ad
192 2187 266 2243 quas
289 2167 383 2242 nobis,
412 2169 505 2227 etiam
528 2169 597 2226 ante
626 2188 717 2243 quam
744 2168 924 2240 doceremur,
954 2169 1044 2226 initia

48 2259 176 2317 uaedam
200 2276 235 2317 ae
258 2257 371 2316 semina
389 2261 460 2317 sunt
478 2276 617 2317 concessa
635 2260 751 2332 natura,
775 2260 809 2315 ut
828 2257 864 2315 ad
885 2258 1043 2332 iustitiam,

48 2349 110 2407 uius
134 2346 255 2406 rusticis
279 2365 396 2423 quoque
425 2366 460 2406 ac
486 2346 621 2405 barbaris
650 2350 776 2422 apparet
803 2346 907 2422 aliqua
932 2348 1043 2423 imago,

48 2456 79 2497 os
103 2439 185 2495 certe
208 2436 252 2495 sic
274 2455 336 2495 esse
362 2436 399 2495 ab
422 2436 511 2494 initio
533 2436 687 2510 formatos,
716 2439 752 2494 ut
778 2455 930 2512 possemus
959 2455 1043 2494 crare

48 2546 78 2586 ro
101 2525 190 2585 bonis
213 2525 331 2584 etiamsi
354 2544 415 2584 non
436 2526 576 2600 perfecte,
605 2528 706 2584 tamen
733 2528 769 2584 ut
794 2527 926 2585 inessent
954 2545 1042 2600 quae-

48 2635 102 2690 am,
128 2617 163 2672 ut
186 2613 257 2687 dixi,
279 2616 394 2673 semina
417 2614 480 2674 eius
503 2615 667 2689 facultatis,
690 2616 883 2673 manifestum
906 2618 959 2674 est.
982 2634 1043 2673 non
1077 2617 1093 2671 7

48 2706 129 2763 adem
154 2705 254 2762 autem
277 2703 324 2762 his
348 2708 457 2763 natura
480 2703 595 2763 artibus
619 2706 673 2778 est,
697 2724 772 2779 quae
797 2724 813 2761 a
837 2706 949 2763 virtute
973 2707 1043 2763 sunt

48 2797 165 2853 emotae.
203 2793 306 2868 itaque
339 2813 406 2853 eum
439 2793 497 2852 duo
528 2794 589 2853 sint
620 2813 729 2870 genera
761 2794 914 2868 orationis,
947 2795 1043 2852 altera

51 2884 216 2960 erpetua,
240 2901 316 2958 quae
339 2882 523 2941 rhetorice
542 2882 660 2956 dicitur,
685 2883 779 2941 altera
793 2884 946 2957 concisa,
964 2901 1042 2958 quae

48 2970 235 3046 ialeetiee,
265 2990 339 3047 quas
363 2971 483 3047 quidem
511 2973 590 3031 Zeno
614 2972 687 3031 adeo
716 2974 877 3046 coniunxit,
905 2975 939 3029 ut
966 2971 1043 3030 hanc

48 3077 203 3137 inpressae
231 3060 263 3118 in
295 3081 430 3138 pugnum
460 3081 574 3136 manus,
615 3062 700 3120 illam
733 3061 898 3136 explicatae
931 3061 1044 3120 diceret

48 3152 240 3165 ——n-——-

98 3201 130 3249 31
151 3196 203 3265 frg.
226 3201 258 3249 rc
277 3196 376 3249 Arnim

97 3327 114 3374 8
134 3321 258 3374 distante
276 3330 331 3374 BP
353 3323 423 3390 th
441 3327 503 3388 445,
522 3326 570 3375 41:
599 3321 718 3375 distanti
736 3330 759 3373 Α
775 3323 779 3389 Ι
796 3321 826 3373 in
850 3337 968 3374 acumen
993 3320 1042 3373 ad·

48 3410 136 3447 arsum
156 3410 176 3446 a.
201 3392 236 3447 Vt
327 3398 358 3446 11
378 3392 606 3446 hisABP:huic
626 3394 660 3447 Vt
676 3397 810 3462 p446,1
926 3397 958 3445 15
977 3407 1043 3445 vera

48 3475 79 3518 ,Ψ
132 3469 167 3517 20
186 3462 275 3517 virtus
289 3473 376 3530 A,Bq
389 3465 420 3516 e’n
434 3465 572 3533 marpissa:
590 3463 703 3518 virtutis
716 3473 771 3517 ΒΡ
828 3469 862 3516 26
880 3462 963 3516 bouis
976 3472 1041 3517 BP:

48 3536 107 3590 obis
125 3546 148 3587 A
221 3541 257 3588 32
276 3535 435 3604 explicatae
449 3544 472 3588 Α
487 3550 536 3590 exc
559 3532 637 3592 (loss.
656 3539 813 3608 pst1,‘2e:
831 3533 988 3604 explicitae
1002 3543 1053 3585 Μ
