<?xml version="1.0" encoding="UTF-8"?>
<!DOCTYPE html PUBLIC "-//W3C//DTD XHTML 1.0 Transitional//EN"
    "http://www.w3.org/TR/xhtml1/DTD/xhtml1-transitional.dtd">
<html xmlns="http://www.w3.org/1999/xhtml" xml:lang="en" lang="en">
 <head>
  <title>
</title>
<meta http-equiv="Content-Type" content="text/html;charset=utf-8" />
  <meta name='ocr-system' content='tesseract 3.04.00' />
  <meta name='ocr-capabilities' content='ocr_page ocr_carea ocr_par ocr_line ocrx_word'/>
</head>
<body>
  <div class='ocr_page' id='page_1' title='image "./mfabiqvintilian00quingoog_0037.png"; bbox 0 0 2460 3854; ppageno 0'>
   <div class='ocr_carea' id='block_1_1' title="bbox 155 140 955 208">
    <p class='ocr_par' dir='ltr' id='par_1_1' title="bbox 155 140 955 208">
     <span class='ocr_line' id='line_1_1' title="bbox 155 140 955 208; baseline -0.019 0"><span class='ocrx_word' id='word_1_1' title='bbox 155 144 195 208; x_wconf 84' lang='grc'>18</span> <span class='ocrx_word' id='word_1_2' title='bbox 459 141 688 208; x_wconf 77' lang='lat' dir='ltr'><strong>QVINTILIANI</strong></span> <span class='ocrx_word' id='word_1_3' title='bbox 704 140 796 195; x_wconf 83' lang='lat' dir='ltr'>INST.</span> <span class='ocrx_word' id='word_1_4' title='bbox 817 141 874 195; x_wconf 82' lang='lat' dir='ltr'>OR.</span> <span class='ocrx_word' id='word_1_5' title='bbox 951 179 955 191; x_wconf 94' lang='lat'>.</span> 
     </span>
    </p>
   </div>
   <div class='ocr_carea' id='block_1_2' title="bbox 75 310 1213 3246">
    <p class='ocr_par' dir='ltr' id='par_1_2' title="bbox 100 310 1207 835">
     <span class='ocr_line' id='line_1_2' title="bbox 100 310 1178 386; baseline 0.002 -18"><span class='ocrx_word' id='word_1_6' title='bbox 100 314 205 374; x_wconf 76' lang='grc'>261111</span> <span class='ocrx_word' id='word_1_7' title='bbox 229 315 306 372; x_wconf 90' lang='lat' dir='ltr'>sicut</span> <span class='ocrx_word' id='word_1_8' title='bbox 328 313 473 371; x_wconf 87' lang='lat' dir='ltr'>firmiores</span> <span class='ocrx_word' id='word_1_9' title='bbox 495 313 528 370; x_wconf 95' lang='lat' dir='ltr'>in</span> <span class='ocrx_word' id='word_1_10' title='bbox 550 312 661 370; x_wconf 88' lang='lat' dir='ltr'>litteris</span> <span class='ocrx_word' id='word_1_11' title='bbox 683 310 837 386; x_wconf 87' lang='lat' dir='ltr'>profectus</span> <span class='ocrx_word' id='word_1_12' title='bbox 860 311 917 368; x_wconf 91' lang='lat' dir='ltr'>alit</span> <span class='ocrx_word' id='word_1_13' title='bbox 935 311 1110 385; x_wconf 77' lang='lat' dir='ltr'>aemulatio,</span> <span class='ocrx_word' id='word_1_14' title='bbox 1134 313 1178 370; x_wconf 86' lang='lat' dir='ltr'>ita</span> 
     </span>
     <span class='ocr_line' id='line_1_3' title="bbox 153 399 1177 478; baseline -0.001 -18"><span class='ocrx_word' id='word_1_15' title='bbox 153 402 365 478; x_wconf 79' lang='lat' dir='ltr'>incipientibus</span> <span class='ocrx_word' id='word_1_16' title='bbox 396 402 486 478; x_wconf 85' lang='lat' dir='ltr'>atque</span> <span class='ocrx_word' id='word_1_17' title='bbox 516 400 612 459; x_wconf 89' lang='lat' dir='ltr'>adhuc</span> <span class='ocrx_word' id='word_1_18' title='bbox 641 399 752 459; x_wconf 86' lang='lat' dir='ltr'>teneris</span> <span class='ocrx_word' id='word_1_19' title='bbox 783 399 1054 474; x_wconf 76' lang='lat' dir='ltr'>condiscipulorum</span> <span class='ocrx_word' id='word_1_20' title='bbox 1086 421 1177 476; x_wconf 84' lang='lat' dir='ltr'>quam</span> 
     </span>
     <span class='ocr_line' id='line_1_4' title="bbox 153 488 1175 569; baseline -0.004 -19"><span class='ocrx_word' id='word_1_21' title='bbox 153 493 354 569; x_wconf 89' lang='lat' dir='ltr'>praeceptoris</span> <span class='ocrx_word' id='word_1_22' title='bbox 378 490 535 549; x_wconf 89' lang='lat' dir='ltr'>iucundior</span> <span class='ocrx_word' id='word_1_23' title='bbox 557 490 613 547; x_wconf 93' lang='lat' dir='ltr'>hoc</span> <span class='ocrx_word' id='word_1_24' title='bbox 636 491 711 565; x_wconf 89' lang='lat' dir='ltr'>ipso,</span> <span class='ocrx_word' id='word_1_25' title='bbox 735 488 815 564; x_wconf 91' lang='lat' dir='ltr'>quod</span> <span class='ocrx_word' id='word_1_26' title='bbox 834 488 952 548; x_wconf 81' lang='lat' dir='ltr'>facilior</span> <span class='ocrx_word' id='word_1_27' title='bbox 969 489 1103 548; x_wconf 74' lang='lat' dir='ltr'>imitatio</span> <span class='ocrx_word' id='word_1_28' title='bbox 1123 493 1175 549; x_wconf 90' lang='lat' dir='ltr'>est.</span> 
     </span>
     <span class='ocr_line' id='line_1_5' title="bbox 152 577 1176 656; baseline -0.003 -16"><span class='ocrx_word' id='word_1_29' title='bbox 152 581 203 640; x_wconf 86' lang='lat' dir='ltr'>vix</span> <span class='ocrx_word' id='word_1_30' title='bbox 227 583 306 640; x_wconf 90' lang='lat' dir='ltr'>enim</span> <span class='ocrx_word' id='word_1_31' title='bbox 334 599 365 638; x_wconf 89' lang='lat' dir='ltr'>se</span> <span class='ocrx_word' id='word_1_32' title='bbox 393 582 490 656; x_wconf 87' lang='lat' dir='ltr'>prima</span> <span class='ocrx_word' id='word_1_33' title='bbox 514 579 660 638; x_wconf 81' lang='lat' dir='ltr'>elementa</span> <span class='ocrx_word' id='word_1_34' title='bbox 684 578 722 636; x_wconf 90' lang='lat' dir='ltr'>ad</span> <span class='ocrx_word' id='word_1_35' title='bbox 745 597 828 653; x_wconf 87' lang='lat' dir='ltr'>spem</span> <span class='ocrx_word' id='word_1_36' title='bbox 851 578 957 637; x_wconf 87' lang='lat' dir='ltr'>tollere</span> <span class='ocrx_word' id='word_1_37' title='bbox 980 577 1176 656; x_wconf 86' lang='lat' dir='ltr'>effingendae,</span> 
     </span>
     <span class='ocr_line' id='line_1_6' title="bbox 154 667 1207 747; baseline -0.002 -18"><span class='ocrx_word' id='word_1_38' title='bbox 154 690 244 747; x_wconf 90' lang='lat' dir='ltr'>quam</span> <span class='ocrx_word' id='word_1_39' title='bbox 276 688 426 728; x_wconf 89' lang='lat' dir='ltr'>summam</span> <span class='ocrx_word' id='word_1_40' title='bbox 457 671 579 745; x_wconf 82' lang='lat' dir='ltr'>putant,</span> <span class='ocrx_word' id='word_1_41' title='bbox 617 668 805 743; x_wconf 82' lang='lat' dir='ltr'>eloquentiae</span> <span class='ocrx_word' id='word_1_42' title='bbox 838 667 1002 726; x_wconf 89' lang='lat' dir='ltr'>audebunt:</span> <span class='ocrx_word' id='word_1_43' title='bbox 1039 671 1207 744; x_wconf 72' lang='lat' dir='ltr'>proximae</span> 
     </span>
     <span class='ocr_line' id='line_1_7' title="bbox 154 756 1175 835; baseline -0.001 -18"><span class='ocrx_word' id='word_1_44' title='bbox 154 760 376 834; x_wconf 87' lang='lat' dir='ltr'>amplectentur</span> <span class='ocrx_word' id='word_1_45' title='bbox 399 760 505 835; x_wconf 85' lang='lat' dir='ltr'>magis,</span> <span class='ocrx_word' id='word_1_46' title='bbox 533 760 567 815; x_wconf 92' lang='lat' dir='ltr'>ut</span> <span class='ocrx_word' id='word_1_47' title='bbox 594 757 670 816; x_wconf 79' lang='lat' dir='ltr'>vites</span> <span class='ocrx_word' id='word_1_48' title='bbox 698 756 853 815; x_wconf 87' lang='lat' dir='ltr'>arboribus</span> <span class='ocrx_word' id='word_1_49' title='bbox 884 756 1045 833; x_wconf 86' lang='lat' dir='ltr'>adplicitae</span> <span class='ocrx_word' id='word_1_50' title='bbox 1073 758 1175 816; x_wconf 88' lang='lat' dir='ltr'>inferi-</span> 
     </span>
    </p>

    <p class='ocr_par' dir='ltr' id='par_1_3' title="bbox 100 846 1208 1279">
     <span class='ocr_line' id='line_1_8' title="bbox 100 846 1176 924; baseline 0.004 -23"><span class='ocrx_word' id='word_1_51' title='bbox 100 848 138 902; x_wconf 78' lang='lat'>27</span> <span class='ocrx_word' id='word_1_52' title='bbox 156 867 222 906; x_wconf 89' lang='lat' dir='ltr'>ores</span> <span class='ocrx_word' id='word_1_53' title='bbox 245 850 328 924; x_wconf 89' lang='lat' dir='ltr'>prius</span> <span class='ocrx_word' id='word_1_54' title='bbox 352 846 561 923; x_wconf 87' lang='lat' dir='ltr'>adprendendo</span> <span class='ocrx_word' id='word_1_55' title='bbox 584 865 684 904; x_wconf 90' lang='lat' dir='ltr'>ramos</span> <span class='ocrx_word' id='word_1_56' title='bbox 706 847 738 904; x_wconf 92' lang='lat' dir='ltr'>in</span> <span class='ocrx_word' id='word_1_57' title='bbox 758 847 914 904; x_wconf 88' lang='lat' dir='ltr'>cacumina</span> <span class='ocrx_word' id='word_1_58' title='bbox 932 847 1072 905; x_wconf 89' lang='lat' dir='ltr'>evadunt.</span> <span class='ocrx_word' id='word_1_59' title='bbox 1096 847 1176 922; x_wconf 91' lang='lat' dir='ltr'>quod</span> 
     </span>
     <span class='ocr_line' id='line_1_9' title="bbox 154 935 1176 1012; baseline 0 -17"><span class='ocrx_word' id='word_1_60' title='bbox 154 938 228 995; x_wconf 90' lang='lat' dir='ltr'>adeo</span> <span class='ocrx_word' id='word_1_61' title='bbox 257 957 360 996; x_wconf 89' lang='lat' dir='ltr'>verum</span> <span class='ocrx_word' id='word_1_62' title='bbox 388 939 441 1011; x_wconf 75' lang='lat' dir='ltr'>est,</span> <span class='ocrx_word' id='word_1_63' title='bbox 472 939 507 994; x_wconf 88' lang='lat' dir='ltr'>ut</span> <span class='ocrx_word' id='word_1_64' title='bbox 529 936 623 1011; x_wconf 90' lang='lat' dir='ltr'>ipsius</span> <span class='ocrx_word' id='word_1_65' title='bbox 647 935 739 994; x_wconf 91' lang='lat' dir='ltr'>etiam</span> <span class='ocrx_word' id='word_1_66' title='bbox 762 936 909 1012; x_wconf 87' lang='lat' dir='ltr'>magistri,</span> <span class='ocrx_word' id='word_1_67' title='bbox 938 935 965 994; x_wconf 88' lang='lat' dir='ltr'>si</span> <span class='ocrx_word' id='word_1_68' title='bbox 986 939 1090 994; x_wconf 85' lang='lat' dir='ltr'>tamen</span> <span class='ocrx_word' id='word_1_69' title='bbox 1114 955 1176 995; x_wconf 84' lang='lat' dir='ltr'>arn-</span> 
     </span>
     <span class='ocr_line' id='line_1_10' title="bbox 153 1024 1177 1101; baseline -0.002 -15"><span class='ocrx_word' id='word_1_70' title='bbox 153 1026 271 1086; x_wconf 89' lang='lat' dir='ltr'>bitiosis</span> <span class='ocrx_word' id='word_1_71' title='bbox 301 1027 391 1084; x_wconf 87' lang='lat' dir='ltr'>utilia</span> <span class='ocrx_word' id='word_1_72' title='bbox 420 1025 579 1101; x_wconf 84' lang='lat' dir='ltr'>praeferet,</span> <span class='ocrx_word' id='word_1_73' title='bbox 608 1025 664 1082; x_wconf 94' lang='lat' dir='ltr'>hoc</span> <span class='ocrx_word' id='word_1_74' title='bbox 694 1043 768 1099; x_wconf 90' lang='lat' dir='ltr'>opus</span> <span class='ocrx_word' id='word_1_75' title='bbox 798 1026 847 1098; x_wconf 87' lang='lat' dir='ltr'>sit,</span> <span class='ocrx_word' id='word_1_76' title='bbox 878 1044 945 1083; x_wconf 92' lang='lat' dir='ltr'>cum</span> <span class='ocrx_word' id='word_1_77' title='bbox 969 1024 1066 1084; x_wconf 88' lang='lat' dir='ltr'>adhuc</span> <span class='ocrx_word' id='word_1_78' title='bbox 1089 1025 1177 1084; x_wconf 88' lang='lat' dir='ltr'>rudia</span> 
     </span>
     <span class='ocr_line' id='line_1_11' title="bbox 153 1113 1208 1192; baseline -0.001 -18"><span class='ocrx_word' id='word_1_79' title='bbox 153 1115 299 1174; x_wconf 87' lang='lat' dir='ltr'>tractabit</span> <span class='ocrx_word' id='word_1_80' title='bbox 331 1117 467 1192; x_wconf 83' lang='lat' dir='ltr'>ingenia,</span> <span class='ocrx_word' id='word_1_81' title='bbox 504 1133 564 1173; x_wconf 91' lang='lat' dir='ltr'>non</span> <span class='ocrx_word' id='word_1_82' title='bbox 600 1116 704 1172; x_wconf 86' lang='lat' dir='ltr'>statim</span> <span class='ocrx_word' id='word_1_83' title='bbox 737 1132 860 1172; x_wconf 85' lang='lat' dir='ltr'>onerare</span> <span class='ocrx_word' id='word_1_84' title='bbox 892 1113 1100 1173; x_wconf 87' lang='lat' dir='ltr'>infirmitatem</span> <span class='ocrx_word' id='word_1_85' title='bbox 1133 1115 1176 1172; x_wconf 92' lang='lat' dir='ltr'>di·</span> <span class='ocrx_word' id='word_1_86' title='bbox 1188 1132 1208 1173; x_wconf 84' lang='grc'>11</span> 
     </span>
     <span class='ocr_line' id='line_1_12' title="bbox 154 1203 1177 1279; baseline -0.002 -15"><span class='ocrx_word' id='word_1_87' title='bbox 154 1205 313 1278; x_wconf 84' lang='lat' dir='ltr'>scentium,</span> <span class='ocrx_word' id='word_1_88' title='bbox 350 1204 401 1262; x_wconf 92' lang='lat' dir='ltr'>sed</span> <span class='ocrx_word' id='word_1_89' title='bbox 436 1204 603 1279; x_wconf 88' lang='lat' dir='ltr'>temperare</span> <span class='ocrx_word' id='word_1_90' title='bbox 640 1206 718 1262; x_wconf 82' lang='lat' dir='ltr'>vires</span> <span class='ocrx_word' id='word_1_91' title='bbox 755 1220 823 1262; x_wconf 91' lang='lat' dir='ltr'>suas</span> <span class='ocrx_word' id='word_1_92' title='bbox 856 1205 887 1261; x_wconf 89' lang='lat' dir='ltr'>et</span> <span class='ocrx_word' id='word_1_93' title='bbox 919 1203 958 1260; x_wconf 90' lang='lat' dir='ltr'>ad</span> <span class='ocrx_word' id='word_1_94' title='bbox 988 1203 1177 1262; x_wconf 87' lang='lat' dir='ltr'>intellectum</span> 
     </span>
    </p>

    <p class='ocr_par' dir='ltr' id='par_1_4' title="bbox 101 1291 1209 1726">
     <span class='ocr_line' id='line_1_13' title="bbox 101 1291 1176 1371; baseline 0.004 -24"><span class='ocrx_word' id='word_1_95' title='bbox 101 1295 305 1353; x_wconf 69' lang='lat' dir='ltr'>recudimus</span> <span class='ocrx_word' id='word_1_96' title='bbox 329 1292 514 1352; x_wconf 87' lang='lat' dir='ltr'>descendere.</span> <span class='ocrx_word' id='word_1_97' title='bbox 547 1311 618 1350; x_wconf 86' lang='lat' dir='ltr'>nam</span> <span class='ocrx_word' id='word_1_98' title='bbox 640 1295 677 1351; x_wconf 89' lang='grc'>111</span> <span class='ocrx_word' id='word_1_99' title='bbox 698 1293 822 1351; x_wconf 84' lang='lat' dir='ltr'>vascula</span> <span class='ocrx_word' id='word_1_100' title='bbox 845 1291 904 1351; x_wconf 90' lang='lat' dir='ltr'>oris</span> <span class='ocrx_word' id='word_1_101' title='bbox 929 1295 1050 1370; x_wconf 84' lang='lat' dir='ltr'>angusti</span> <span class='ocrx_word' id='word_1_102' title='bbox 1074 1311 1176 1371; x_wconf 85' lang='lat' dir='ltr'>super-</span> 
     </span>
     <span class='ocr_line' id='line_1_14' title="bbox 153 1382 1177 1458; baseline 0 -17"><span class='ocrx_word' id='word_1_103' title='bbox 153 1384 252 1442; x_wconf 85' lang='lat' dir='ltr'>fusam</span> <span class='ocrx_word' id='word_1_104' title='bbox 275 1383 387 1441; x_wconf 91' lang='lat' dir='ltr'>umcris</span> <span class='ocrx_word' id='word_1_105' title='bbox 410 1382 528 1458; x_wconf 91' lang='lat' dir='ltr'>copiam</span> <span class='ocrx_word' id='word_1_106' title='bbox 551 1385 705 1456; x_wconf 85' lang='lat' dir='ltr'>respuunt,</span> <span class='ocrx_word' id='word_1_107' title='bbox 729 1382 838 1440; x_wconf 88' lang='lat' dir='ltr'>sensim</span> <span class='ocrx_word' id='word_1_108' title='bbox 862 1385 962 1440; x_wconf 86' lang='lat' dir='ltr'>autem</span> <span class='ocrx_word' id='word_1_109' title='bbox 981 1382 1177 1441; x_wconf 86' lang='lat' dir='ltr'>influentibus</span> 
     </span>
     <span class='ocr_line' id='line_1_15' title="bbox 154 1471 1177 1548; baseline -0.002 -15"><span class='ocrx_word' id='word_1_110' title='bbox 154 1474 203 1533; x_wconf 84' lang='lat' dir='ltr'>vel</span> <span class='ocrx_word' id='word_1_111' title='bbox 226 1473 318 1531; x_wconf 89' lang='lat' dir='ltr'>etiam</span> <span class='ocrx_word' id='word_1_112' title='bbox 340 1473 497 1531; x_wconf 88' lang='lat' dir='ltr'>instillatis</span> <span class='ocrx_word' id='word_1_113' title='bbox 520 1471 706 1546; x_wconf 87' lang='lat' dir='ltr'>conplentur,</span> <span class='ocrx_word' id='word_1_114' title='bbox 730 1473 772 1530; x_wconf 90' lang='lat' dir='ltr'>sic</span> <span class='ocrx_word' id='word_1_115' title='bbox 792 1472 885 1531; x_wconf 91' lang='lat' dir='ltr'>animi</span> <span class='ocrx_word' id='word_1_116' title='bbox 902 1490 1063 1546; x_wconf 85' lang='lat' dir='ltr'>puerorum</span> <span class='ocrx_word' id='word_1_117' title='bbox 1083 1491 1177 1548; x_wconf 89' lang='lat' dir='ltr'>quan·</span> 
     </span>
     <span class='ocr_line' id='line_1_16' title="bbox 153 1560 1209 1637; baseline -0.001 -18"><span class='ocrx_word' id='word_1_118' title='bbox 153 1565 219 1619; x_wconf 86' lang='grc'>111111</span> <span class='ocrx_word' id='word_1_119' title='bbox 243 1563 377 1637; x_wconf 86' lang='lat' dir='ltr'>excipere</span> <span class='ocrx_word' id='word_1_120' title='bbox 400 1561 517 1637; x_wconf 88' lang='lat' dir='ltr'>possint</span> <span class='ocrx_word' id='word_1_121' title='bbox 535 1560 697 1619; x_wconf 87' lang='lat' dir='ltr'>videndum</span> <span class='ocrx_word' id='word_1_122' title='bbox 716 1563 774 1619; x_wconf 82' lang='lat' dir='ltr'>est:</span> <span class='ocrx_word' id='word_1_123' title='bbox 796 1579 868 1618; x_wconf 91' lang='lat' dir='ltr'>nam</span> <span class='ocrx_word' id='word_1_124' title='bbox 886 1563 1001 1619; x_wconf 88' lang='lat' dir='ltr'>maiora</span> <span class='ocrx_word' id='word_1_125' title='bbox 1019 1560 1177 1621; x_wconf 86' lang='lat' dir='ltr'>intellectu</span> <span class='ocrx_word' id='word_1_126' title='bbox 1189 1577 1209 1618; x_wconf 84' lang='grc'>11</span> 
     </span>
     <span class='ocr_line' id='line_1_17' title="bbox 154 1649 1176 1726; baseline 0 -17"><span class='ocrx_word' id='word_1_127' title='bbox 154 1651 238 1710; x_wconf 85' lang='lat' dir='ltr'>velut</span> <span class='ocrx_word' id='word_1_128' title='bbox 267 1669 374 1725; x_wconf 88' lang='lat' dir='ltr'>parum</span> <span class='ocrx_word' id='word_1_129' title='bbox 405 1652 524 1724; x_wconf 89' lang='lat' dir='ltr'>apertos</span> <span class='ocrx_word' id='word_1_130' title='bbox 555 1650 598 1708; x_wconf 89' lang='lat' dir='ltr'>ad·</span> <span class='ocrx_word' id='word_1_131' title='bbox 620 1649 845 1726; x_wconf 90' lang='lat' dir='ltr'>percipiendum</span> <span class='ocrx_word' id='word_1_132' title='bbox 873 1651 988 1709; x_wconf 89' lang='lat' dir='ltr'>animos</span> <span class='ocrx_word' id='word_1_133' title='bbox 1011 1669 1071 1708; x_wconf 91' lang='lat' dir='ltr'>non</span> <span class='ocrx_word' id='word_1_134' title='bbox 1096 1651 1176 1710; x_wconf 91' lang='lat' dir='ltr'>subi·</span> 
     </span>
    </p>

    <p class='ocr_par' dir='ltr' id='par_1_5' title="bbox 101 1738 1211 2084">
     <span class='ocr_line' id='line_1_18' title="bbox 101 1738 1176 1816; baseline 0.002 -18"><span class='ocrx_word' id='word_1_135' title='bbox 101 1740 139 1793; x_wconf 66' lang='lat'>29</span> <span class='ocrx_word' id='word_1_136' title='bbox 153 1740 237 1798; x_wconf 85' lang='lat' dir='ltr'>bunt.</span> <span class='ocrx_word' id='word_1_137' title='bbox 265 1739 339 1797; x_wconf 89' lang='lat' dir='ltr'>utile</span> <span class='ocrx_word' id='word_1_138' title='bbox 362 1740 457 1816; x_wconf 85' lang='lat' dir='ltr'>igitur</span> <span class='ocrx_word' id='word_1_139' title='bbox 478 1738 597 1814; x_wconf 88' lang='lat' dir='ltr'>habere,</span> <span class='ocrx_word' id='word_1_140' title='bbox 621 1757 695 1814; x_wconf 90' lang='lat' dir='ltr'>quos</span> <span class='ocrx_word' id='word_1_141' title='bbox 718 1738 833 1798; x_wconf 84' lang='lat' dir='ltr'>imitari</span> <span class='ocrx_word' id='word_1_142' title='bbox 856 1740 995 1815; x_wconf 88' lang='lat' dir='ltr'>primum,</span> <span class='ocrx_word' id='word_1_143' title='bbox 1018 1758 1089 1798; x_wconf 84' lang='lat' dir='ltr'>mox</span> <span class='ocrx_word' id='word_1_144' title='bbox 1111 1740 1176 1800; x_wconf 88' lang='lat' dir='ltr'>vin·</span> 
     </span>
     <span class='ocr_line' id='line_1_19' title="bbox 155 1828 1177 1904; baseline 0.002 -16"><span class='ocrx_word' id='word_1_145' title='bbox 155 1848 220 1888; x_wconf 90' lang='lat' dir='ltr'>cere</span> <span class='ocrx_word' id='word_1_146' title='bbox 233 1829 326 1888; x_wconf 75' lang='lat' dir='ltr'>velit:</span> <span class='ocrx_word' id='word_1_147' title='bbox 349 1829 394 1886; x_wconf 89' lang='lat' dir='ltr'>ita</span> <span class='ocrx_word' id='word_1_148' title='bbox 411 1829 561 1904; x_wconf 89' lang='lat' dir='ltr'>paulatim</span> <span class='ocrx_word' id='word_1_149' title='bbox 579 1830 609 1886; x_wconf 91' lang='lat' dir='ltr'>et</span> <span class='ocrx_word' id='word_1_150' title='bbox 627 1830 814 1903; x_wconf 89' lang='lat' dir='ltr'>superiorum</span> <span class='ocrx_word' id='word_1_151' title='bbox 832 1847 899 1904; x_wconf 88' lang='lat' dir='ltr'>spes</span> <span class='ocrx_word' id='word_1_152' title='bbox 918 1829 984 1886; x_wconf 91' lang='lat' dir='ltr'>erit.</span> <span class='ocrx_word' id='word_1_153' title='bbox 1012 1828 1059 1888; x_wconf 91' lang='lat' dir='ltr'>his</span> <span class='ocrx_word' id='word_1_154' title='bbox 1079 1829 1177 1890; x_wconf 90' lang='lat' dir='ltr'>adicio</span> 
     </span>
     <span class='ocr_line' id='line_1_20' title="bbox 154 1917 1177 1995; baseline 0.001 -18"><span class='ocrx_word' id='word_1_155' title='bbox 154 1920 363 1995; x_wconf 88' lang='lat' dir='ltr'>praeceptores</span> <span class='ocrx_word' id='word_1_156' title='bbox 386 1919 467 1993; x_wconf 89' lang='lat' dir='ltr'>ipsos</span> <span class='ocrx_word' id='word_1_157' title='bbox 490 1937 550 1976; x_wconf 92' lang='lat' dir='ltr'>non</span> <span class='ocrx_word' id='word_1_158' title='bbox 573 1917 653 1976; x_wconf 90' lang='lat' dir='ltr'>idem</span> <span class='ocrx_word' id='word_1_159' title='bbox 675 1919 784 1976; x_wconf 88' lang='lat' dir='ltr'>mentis</span> <span class='ocrx_word' id='word_1_160' title='bbox 804 1936 839 1976; x_wconf 91' lang='lat' dir='ltr'>ac</span> <span class='ocrx_word' id='word_1_161' title='bbox 858 1917 981 1993; x_wconf 88' lang='lat' dir='ltr'>spiritus</span> <span class='ocrx_word' id='word_1_162' title='bbox 999 1919 1032 1976; x_wconf 93' lang='lat' dir='ltr'>in</span> <span class='ocrx_word' id='word_1_163' title='bbox 1051 1917 1177 1978; x_wconf 91' lang='lat' dir='ltr'>dicendo</span> 
     </span>
     <span class='ocr_line' id='line_1_21' title="bbox 154 2007 1211 2084; baseline 0 -18"><span class='ocrx_word' id='word_1_164' title='bbox 154 2026 241 2084; x_wconf 89' lang='lat' dir='ltr'>posse</span> <span class='ocrx_word' id='word_1_165' title='bbox 271 2009 426 2083; x_wconf 89' lang='lat' dir='ltr'>concipere</span> <span class='ocrx_word' id='word_1_166' title='bbox 457 2007 583 2084; x_wconf 84' lang='lat' dir='ltr'>singulis</span> <span class='ocrx_word' id='word_1_167' title='bbox 612 2009 733 2066; x_wconf 88' lang='lat' dir='ltr'>tantum</span> <span class='ocrx_word' id='word_1_168' title='bbox 761 2007 982 2082; x_wconf 88' lang='lat' dir='ltr'>praesentibus,</span> <span class='ocrx_word' id='word_1_169' title='bbox 1013 2007 1094 2082; x_wconf 92' lang='lat' dir='ltr'>quod</span> <span class='ocrx_word' id='word_1_170' title='bbox 1123 2009 1211 2067; x_wconf 76' lang='lat' dir='ltr'>illam</span> 
     </span>
    </p>

    <p class='ocr_par' dir='ltr' id='par_1_6' title="bbox 77 2095 1178 2213">
     <span class='ocr_line' id='line_1_22' title="bbox 77 2095 1178 2213; baseline 0.005 -62"><span class='ocrx_word' id='word_1_171' title='bbox 77 2097 140 2213; x_wconf 53' lang='lat'>&#39;30</span> <span class='ocrx_word' id='word_1_172' title='bbox 155 2096 328 2157; x_wconf 89' lang='lat' dir='ltr'>celebritate</span> <span class='ocrx_word' id='word_1_173' title='bbox 357 2096 544 2155; x_wconf 87' lang='lat' dir='ltr'>audientium</span> <span class='ocrx_word' id='word_1_174' title='bbox 566 2095 737 2156; x_wconf 86' lang='lat' dir='ltr'>instinctos:</span> <span class='ocrx_word' id='word_1_175' title='bbox 765 2096 896 2155; x_wconf 81' lang='lat' dir='ltr'>maxima</span> <span class='ocrx_word' id='word_1_176' title='bbox 920 2097 999 2155; x_wconf 92' lang='lat' dir='ltr'>enim</span> <span class='ocrx_word' id='word_1_177' title='bbox 1021 2115 1096 2172; x_wconf 73' lang='lat' dir='ltr'>pars,</span> <span class='ocrx_word' id='word_1_178' title='bbox 1119 2099 1178 2157; x_wconf 80' lang='lat' dir='ltr'>elo</span> 
     </span>
    </p>

    <p class='ocr_par' dir='ltr' id='par_1_7' title="bbox 75 2175 1211 2620">
     <span class='ocr_line' id='line_1_23' title="bbox 75 2175 1177 2274; baseline 0.002 -30"><span class='ocrx_word' id='word_1_179' title='bbox 75 2220 79 2274; x_wconf 57' lang='lat'><em>5</em></span> <span class='ocrx_word' id='word_1_180' title='bbox 155 2188 298 2262; x_wconf 87' lang='lat' dir='ltr'>quentiae</span> <span class='ocrx_word' id='word_1_181' title='bbox 322 2188 439 2245; x_wconf 85' lang='lat' dir='ltr'>constat</span> <span class='ocrx_word' id='word_1_182' title='bbox 462 2187 570 2244; x_wconf 91' lang='lat' dir='ltr'>animo.</span> <span class='ocrx_word' id='word_1_183' title='bbox 601 2175 680 2244; x_wconf 85' lang='lat' dir='ltr'>hunc</span> <span class='ocrx_word' id='word_1_184' title='bbox 703 2185 798 2261; x_wconf 85' lang='lat' dir='ltr'>adfici,</span> <span class='ocrx_word' id='word_1_185' title='bbox 822 2187 900 2244; x_wconf 91' lang='lat' dir='ltr'>hunc</span> <span class='ocrx_word' id='word_1_186' title='bbox 924 2187 1080 2260; x_wconf 87' lang='lat' dir='ltr'>concipere</span> <span class='ocrx_word' id='word_1_187' title='bbox 1102 2186 1177 2246; x_wconf 84' lang='lat' dir='ltr'>ima·</span> 
     </span>
     <span class='ocr_line' id='line_1_24' title="bbox 155 2275 1178 2354; baseline 0.002 -20"><span class='ocrx_word' id='word_1_188' title='bbox 155 2278 238 2354; x_wconf 85' lang='lat' dir='ltr'>gines</span> <span class='ocrx_word' id='word_1_189' title='bbox 267 2295 367 2334; x_wconf 89' lang='lat' dir='ltr'>rerum</span> <span class='ocrx_word' id='word_1_190' title='bbox 398 2278 428 2334; x_wconf 90' lang='lat' dir='ltr'>et</span> <span class='ocrx_word' id='word_1_191' title='bbox 456 2275 666 2334; x_wconf 84' lang='lat' dir='ltr'>transformari</span> <span class='ocrx_word' id='word_1_192' title='bbox 695 2275 826 2351; x_wconf 89' lang='lat' dir='ltr'>quodam</span> <span class='ocrx_word' id='word_1_193' title='bbox 852 2275 941 2334; x_wconf 92' lang='lat' dir='ltr'>modo</span> <span class='ocrx_word' id='word_1_194' title='bbox 970 2277 1008 2333; x_wconf 92' lang='lat' dir='ltr'>ad</span> <span class='ocrx_word' id='word_1_195' title='bbox 1035 2278 1178 2336; x_wconf 87' lang='lat' dir='ltr'>naturam</span> 
     </span>
     <span class='ocr_line' id='line_1_25' title="bbox 156 2365 1178 2442; baseline 0.001 -18"><span class='ocrx_word' id='word_1_196' title='bbox 156 2383 266 2439; x_wconf 83' lang='lat' dir='ltr'>eornm,</span> <span class='ocrx_word' id='word_1_197' title='bbox 289 2365 325 2422; x_wconf 91' lang='lat' dir='ltr'>de</span> <span class='ocrx_word' id='word_1_198' title='bbox 350 2365 457 2440; x_wconf 88' lang='lat' dir='ltr'>quibus</span> <span class='ocrx_word' id='word_1_199' title='bbox 475 2365 621 2440; x_wconf 89' lang='lat' dir='ltr'>loquitur,</span> <span class='ocrx_word' id='word_1_200' title='bbox 643 2383 761 2424; x_wconf 87' lang='lat' dir='ltr'>necesse</span> <span class='ocrx_word' id='word_1_201' title='bbox 781 2367 833 2423; x_wconf 87' lang='lat' dir='ltr'>est.</span> <span class='ocrx_word' id='word_1_202' title='bbox 856 2365 882 2423; x_wconf 89' lang='lat' dir='ltr'>is</span> <span class='ocrx_word' id='word_1_203' title='bbox 901 2383 991 2440; x_wconf 92' lang='lat' dir='ltr'>porro</span> <span class='ocrx_word' id='word_1_204' title='bbox 1010 2384 1070 2440; x_wconf 90' lang='lat' dir='ltr'>quo</span> <span class='ocrx_word' id='word_1_205' title='bbox 1089 2385 1178 2442; x_wconf 84' lang='lat' dir='ltr'>gene-</span> 
     </span>
     <span class='ocr_line' id='line_1_26' title="bbox 155 2453 1211 2531; baseline 0 -18"><span class='ocrx_word' id='word_1_206' title='bbox 155 2456 252 2513; x_wconf 91' lang='lat' dir='ltr'>rosior</span> <span class='ocrx_word' id='word_1_207' title='bbox 275 2454 438 2529; x_wconf 87' lang='lat' dir='ltr'>celsiorque</span> <span class='ocrx_word' id='word_1_208' title='bbox 463 2457 518 2528; x_wconf 88' lang='lat' dir='ltr'>est,</span> <span class='ocrx_word' id='word_1_209' title='bbox 540 2455 597 2513; x_wconf 90' lang='lat' dir='ltr'>hoc</span> <span class='ocrx_word' id='word_1_210' title='bbox 619 2453 782 2514; x_wconf 90' lang='lat' dir='ltr'>maioribus</span> <span class='ocrx_word' id='word_1_211' title='bbox 805 2454 888 2513; x_wconf 87' lang='lat' dir='ltr'>velut</span> <span class='ocrx_word' id='word_1_212' title='bbox 907 2455 1028 2531; x_wconf 80' lang='lat' dir='ltr'>organis</span> <span class='ocrx_word' id='word_1_213' title='bbox 1048 2472 1211 2515; x_wconf 73' lang='lat' dir='ltr'>commo-u</span> 
     </span>
     <span class='ocr_line' id='line_1_27' title="bbox 155 2543 1178 2620; baseline 0.001 -18"><span class='ocrx_word' id='word_1_214' title='bbox 155 2546 251 2616; x_wconf 82' lang='lat' dir='ltr'>vetur,</span> <span class='ocrx_word' id='word_1_215' title='bbox 279 2543 404 2618; x_wconf 84' lang='lat' dir='ltr'>ideoque</span> <span class='ocrx_word' id='word_1_216' title='bbox 433 2546 463 2602; x_wconf 92' lang='lat' dir='ltr'>et</span> <span class='ocrx_word' id='word_1_217' title='bbox 485 2543 574 2602; x_wconf 90' lang='lat' dir='ltr'>laude</span> <span class='ocrx_word' id='word_1_218' title='bbox 598 2543 703 2603; x_wconf 86' lang='lat' dir='ltr'>crescit</span> <span class='ocrx_word' id='word_1_219' title='bbox 726 2546 757 2602; x_wconf 87' lang='lat' dir='ltr'>et</span> <span class='ocrx_word' id='word_1_220' title='bbox 778 2545 894 2617; x_wconf 89' lang='lat' dir='ltr'>impetu</span> <span class='ocrx_word' id='word_1_221' title='bbox 917 2546 1045 2620; x_wconf 83' lang='lat' dir='ltr'>augetur</span> <span class='ocrx_word' id='word_1_222' title='bbox 1069 2547 1099 2603; x_wconf 90' lang='grc'>11</span> <span class='ocrx_word' id='word_1_223' title='bbox 1124 2545 1178 2603; x_wconf 92' lang='lat' dir='ltr'>ali·</span> 
     </span>
    </p>

    <p class='ocr_par' dir='ltr' id='par_1_8' title="bbox 102 2631 1213 3246">
     <span class='ocr_line' id='line_1_28' title="bbox 102 2631 1179 2711; baseline 0.007 -24"><span class='ocrx_word' id='word_1_224' title='bbox 102 2633 138 2687; x_wconf 80' lang='lat' dir='ltr'>el</span> <span class='ocrx_word' id='word_1_225' title='bbox 156 2632 230 2709; x_wconf 91' lang='lat' dir='ltr'>quid</span> <span class='ocrx_word' id='word_1_226' title='bbox 248 2652 392 2711; x_wconf 86' lang='lat' dir='ltr'>magnum</span> <span class='ocrx_word' id='word_1_227' title='bbox 410 2652 498 2710; x_wconf 83' lang='lat' dir='ltr'>agere</span> <span class='ocrx_word' id='word_1_228' title='bbox 517 2633 637 2710; x_wconf 85' lang='lat' dir='ltr'>gaudet.</span> <span class='ocrx_word' id='word_1_229' title='bbox 661 2636 707 2691; x_wconf 88' lang='lat' dir='ltr'>est</span> <span class='ocrx_word' id='word_1_230' title='bbox 725 2633 872 2708; x_wconf 87' lang='lat' dir='ltr'>quaedam</span> <span class='ocrx_word' id='word_1_231' title='bbox 885 2635 980 2691; x_wconf 88' lang='lat' dir='ltr'>tacita</span> <span class='ocrx_word' id='word_1_232' title='bbox 994 2631 1179 2711; x_wconf 86' lang='lat' dir='ltr'>dedignatio,</span> 
     </span>
     <span class='ocr_line' id='line_1_29' title="bbox 155 2722 1178 2797; baseline 0.001 -15"><span class='ocrx_word' id='word_1_233' title='bbox 155 2724 218 2782; x_wconf 85' lang='lat' dir='ltr'>vim</span> <span class='ocrx_word' id='word_1_234' title='bbox 249 2722 367 2781; x_wconf 91' lang='lat' dir='ltr'>dicendi</span> <span class='ocrx_word' id='word_1_235' title='bbox 394 2723 488 2781; x_wconf 88' lang='lat' dir='ltr'>tantis</span> <span class='ocrx_word' id='word_1_236' title='bbox 512 2725 716 2797; x_wconf 86' lang='lat' dir='ltr'>comparatam</span> <span class='ocrx_word' id='word_1_237' title='bbox 738 2722 890 2781; x_wconf 91' lang='lat' dir='ltr'>laboribus</span> <span class='ocrx_word' id='word_1_238' title='bbox 914 2722 952 2781; x_wconf 89' lang='lat' dir='ltr'>ad</span> <span class='ocrx_word' id='word_1_239' title='bbox 974 2742 1068 2781; x_wconf 91' lang='lat' dir='ltr'>unum</span> <span class='ocrx_word' id='word_1_240' title='bbox 1092 2724 1178 2783; x_wconf 88' lang='lat' dir='ltr'>audi-</span> 
     </span>
     <span class='ocr_line' id='line_1_30' title="bbox 155 2810 1178 2886; baseline 0.002 -16"><span class='ocrx_word' id='word_1_241' title='bbox 155 2814 252 2870; x_wconf 90' lang='lat' dir='ltr'>torem</span> <span class='ocrx_word' id='word_1_242' title='bbox 285 2811 454 2870; x_wconf 90' lang='lat' dir='ltr'>demittere:</span> <span class='ocrx_word' id='word_1_243' title='bbox 487 2810 581 2886; x_wconf 86' lang='lat' dir='ltr'>pudet</span> <span class='ocrx_word' id='word_1_244' title='bbox 612 2830 705 2886; x_wconf 87' lang='lat' dir='ltr'>supra</span> <span class='ocrx_word' id='word_1_245' title='bbox 736 2812 859 2870; x_wconf 90' lang='lat' dir='ltr'>modum</span> <span class='ocrx_word' id='word_1_246' title='bbox 890 2813 1034 2870; x_wconf 90' lang='lat' dir='ltr'>sermonis</span> <span class='ocrx_word' id='word_1_247' title='bbox 1068 2814 1178 2872; x_wconf 91' lang='lat' dir='ltr'>attolli.</span> 
     </span>
     <span class='ocr_line' id='line_1_31' title="bbox 157 2901 1213 2976; baseline 0.001 -16"><span class='ocrx_word' id='word_1_248' title='bbox 157 2905 186 2960; x_wconf 89' lang='lat' dir='ltr'>et</span> <span class='ocrx_word' id='word_1_249' title='bbox 209 2919 280 2960; x_wconf 84' lang='lat' dir='ltr'>sane</span> <span class='ocrx_word' id='word_1_250' title='bbox 304 2901 453 2976; x_wconf 87' lang='lat' dir='ltr'>concipiat</span> <span class='ocrx_word' id='word_1_251' title='bbox 477 2902 544 2975; x_wconf 91' lang='lat' dir='ltr'>quis</span> <span class='ocrx_word' id='word_1_252' title='bbox 566 2904 666 2959; x_wconf 89' lang='lat' dir='ltr'>mente</span> <span class='ocrx_word' id='word_1_253' title='bbox 689 2901 738 2960; x_wconf 84' lang='lat' dir='ltr'>vel</span> <span class='ocrx_word' id='word_1_254' title='bbox 759 2901 954 2960; x_wconf 88' lang='lat' dir='ltr'>declamantis</span> <span class='ocrx_word' id='word_1_255' title='bbox 972 2901 1110 2960; x_wconf 86' lang='lat' dir='ltr'>habitum</span> <span class='ocrx_word' id='word_1_256' title='bbox 1131 2903 1213 2963; x_wconf 81' lang='grc'>11111</span> 
     </span>
     <span class='ocr_line' id='line_1_32' title="bbox 157 2990 1180 3068; baseline 0.001 -19"><span class='ocrx_word' id='word_1_257' title='bbox 157 2990 270 3049; x_wconf 82' lang='lat' dir='ltr'>orantis</span> <span class='ocrx_word' id='word_1_258' title='bbox 302 3008 406 3048; x_wconf 85' lang='lat' dir='ltr'>vocem</span> <span class='ocrx_word' id='word_1_259' title='bbox 437 2991 586 3049; x_wconf 84' lang='lat' dir='ltr'>incessum</span> <span class='ocrx_word' id='word_1_260' title='bbox 616 2990 899 3066; x_wconf 87' lang='lat' dir='ltr'>pronuntiationem,</span> <span class='ocrx_word' id='word_1_261' title='bbox 930 2991 1018 3049; x_wconf 90' lang='lat' dir='ltr'>illum</span> <span class='ocrx_word' id='word_1_262' title='bbox 1049 2991 1180 3068; x_wconf 87' lang='lat' dir='ltr'>denique</span> 
     </span>
     <span class='ocr_line' id='line_1_33' title="bbox 157 3079 1180 3155; baseline 0.003 -17"><span class='ocrx_word' id='word_1_263' title='bbox 157 3081 251 3138; x_wconf 91' lang='lat' dir='ltr'>animi</span> <span class='ocrx_word' id='word_1_264' title='bbox 281 3083 311 3137; x_wconf 97' lang='grc'>11</span> <span class='ocrx_word' id='word_1_265' title='bbox 340 3081 472 3154; x_wconf 89' lang='lat' dir='ltr'>corporis</span> <span class='ocrx_word' id='word_1_266' title='bbox 501 3081 625 3152; x_wconf 83' lang='lat' dir='ltr'>motum,</span> <span class='ocrx_word' id='word_1_267' title='bbox 654 3079 801 3152; x_wconf 86' lang='lat' dir='ltr'>sudorem,</span> <span class='ocrx_word' id='word_1_268' title='bbox 830 3083 866 3139; x_wconf 92' lang='lat' dir='ltr'>ut</span> <span class='ocrx_word' id='word_1_269' title='bbox 893 3079 954 3138; x_wconf 91' lang='lat' dir='ltr'>alia</span> <span class='ocrx_word' id='word_1_270' title='bbox 980 3083 1180 3155; x_wconf 85' lang='lat' dir='ltr'>praeteream,</span> 
     </span>
     <span class='ocr_line' id='line_1_34' title="bbox 157 3169 1181 3246; baseline 0.005 -19"><span class='ocrx_word' id='word_1_271' title='bbox 157 3170 187 3227; x_wconf 83' lang='lat' dir='ltr'>et</span> <span class='ocrx_word' id='word_1_272' title='bbox 214 3169 424 3246; x_wconf 87' lang='lat' dir='ltr'>fatigationem</span> <span class='ocrx_word' id='word_1_273' title='bbox 448 3169 587 3227; x_wconf 89' lang='lat' dir='ltr'>audiente</span> <span class='ocrx_word' id='word_1_274' title='bbox 610 3187 683 3227; x_wconf 93' lang='lat' dir='ltr'>uno:</span> <span class='ocrx_word' id='word_1_275' title='bbox 711 3188 809 3228; x_wconf 89' lang='lat' dir='ltr'>nonne</span> <span class='ocrx_word' id='word_1_276' title='bbox 832 3169 976 3244; x_wconf 87' lang='lat' dir='ltr'>quiddam</span> <span class='ocrx_word' id='word_1_277' title='bbox 999 3170 1065 3246; x_wconf 85' lang='lat' dir='ltr'>pati</span> <span class='ocrx_word' id='word_1_278' title='bbox 1083 3171 1181 3232; x_wconf 83' lang='lat' dir='ltr'>furori</span> 
     </span>
    </p>
   </div>
   <div class='ocr_carea' id='block_1_3' title="bbox 157 3256 1213 3425">
    <p class='ocr_par' dir='ltr' id='par_1_9' title="bbox 157 3256 1213 3425">
     <span class='ocr_line' id='line_1_35' title="bbox 157 3256 1180 3336; baseline 0.002 -20"><span class='ocrx_word' id='word_1_279' title='bbox 157 3258 254 3316; x_wconf 87' lang='lat' dir='ltr'>simile</span> <span class='ocrx_word' id='word_1_280' title='bbox 282 3256 440 3317; x_wconf 83' lang='lat' dir='ltr'>videatur?</span> <span class='ocrx_word' id='word_1_281' title='bbox 477 3277 537 3317; x_wconf 92' lang='lat' dir='ltr'>non</span> <span class='ocrx_word' id='word_1_282' title='bbox 565 3261 643 3317; x_wconf 89' lang='lat' dir='ltr'>esset</span> <span class='ocrx_word' id='word_1_283' title='bbox 669 3258 702 3316; x_wconf 90' lang='lat' dir='ltr'>in</span> <span class='ocrx_word' id='word_1_284' title='bbox 724 3258 812 3318; x_wconf 87' lang='lat' dir='ltr'>rebus</span> <span class='ocrx_word' id='word_1_285' title='bbox 834 3259 973 3318; x_wconf 89' lang='lat' dir='ltr'>humanis</span> <span class='ocrx_word' id='word_1_286' title='bbox 997 3259 1180 3336; x_wconf 65' lang='lat' dir='ltr'>eloquentia</span> 
     </span>
     <span class='ocr_line' id='line_1_36' title="bbox 157 3349 1213 3425; baseline 0.004 -19"><span class='ocrx_word' id='word_1_287' title='bbox 157 3349 324 3407; x_wconf 86' lang='lat' dir='ltr'>sitantum</span> <span class='ocrx_word' id='word_1_288' title='bbox 348 3365 415 3406; x_wconf 88' lang='lat' dir='ltr'>cum</span> <span class='ocrx_word' id='word_1_289' title='bbox 437 3349 565 3425; x_wconf 86' lang='lat' dir='ltr'>singulis</span> <span class='ocrx_word' id='word_1_290' title='bbox 588 3349 785 3423; x_wconf 86' lang='lat' dir='ltr'>loqueremur.</span> <span class='ocrx_word' id='word_1_291' title='bbox 1193 3367 1213 3410; x_wconf 84' lang='grc'>11</span> 
     </span>
    </p>
   </div>
   <div class='ocr_carea' id='block_1_4' title="bbox 138 3481 1181 3616">
    <p class='ocr_par' dir='ltr' id='par_1_10' title="bbox 138 3481 1181 3616">
     <span class='ocr_line' id='line_1_37' title="bbox 229 3481 1181 3552; baseline 0.007 -19"><span class='ocrx_word' id='word_1_292' title='bbox 229 3481 474 3551; x_wconf 68' lang='lat' dir='ltr'>complectuntur</span> <span class='ocrx_word' id='word_1_293' title='bbox 488 3492 543 3537; x_wconf 80' lang='lat' dir='ltr'>BP</span> <span class='ocrx_word' id='word_1_294' title='bbox 614 3488 647 3536; x_wconf 87' lang='lat'>18</span> <span class='ocrx_word' id='word_1_295' title='bbox 666 3483 848 3548; x_wconf 80' lang='lat' dir='ltr'>velisB,A¹?</span> <span class='ocrx_word' id='word_1_296' title='bbox 921 3483 1181 3552; x_wconf 66' lang='lat' dir='ltr'>alloquiorum</span> 
     </span>
     <span class='ocr_line' id='line_1_38' title="bbox 138 3550 340 3616; baseline 0.035 -16"><span class='ocrx_word' id='word_1_297' title='bbox 138 3550 292 3616; x_wconf 82' lang='lat' dir='ltr'>Joqm&#39;mur</span> <span class='ocrx_word' id='word_1_298' title='bbox 308 3563 340 3606; x_wconf 85' lang='lat' dir='ltr'><em>P</em></span> 
     </span>
    </p>
   </div>
   <div class='ocr_carea' id='block_1_5' title="bbox 0 0 1246 3854">
    <p class='ocr_par' dir='ltr' id='par_1_11' title="bbox 0 0 1246 3854">
     <span class='ocr_line' id='line_1_39' title="bbox 0 0 1246 3854; baseline 0 0"><span class='ocrx_word' id='word_1_299' title='bbox 0 0 1246 3854; x_wconf 95' lang='lat' dir='ltr'> </span> 
     </span>
    </p>
   </div>
  </div>
 </body>
</html>
