2460 3854
472 144 493 201 1.
523 149 679 211 r,1e-er.
1038 146 1079 208 51

65 314 125 374 sibi
143 313 256 373 vocalis
275 314 307 371 in
325 333 417 371 unum
436 333 541 372 sonum
560 314 723 372 coalescere
738 316 768 371 et
782 313 924 372 confundi
937 316 1083 390 nequiret,

65 422 145 462 nunc
163 423 184 460 u
203 405 323 480 gemina
341 403 511 462 scribuntur
529 403 702 477 curatione,
721 422 812 478 quam
825 403 954 461 reddidi:
978 407 1082 463 neutro

65 512 137 551 sane
166 493 255 550 modo
282 511 348 566 vox,
381 511 471 567 quam
498 493 651 568 sentimus,
684 491 819 566 efficitur,
860 510 914 550 nec
936 493 1085 551 inutiliter

67 581 212 640 Claudius
235 581 389 640 Aeolicam
415 581 501 638 illam
529 581 568 638 ad
594 581 648 639 hos
676 599 745 639 usus
768 582 903 639 litteram
926 582 1083 641 adiecerat.

42 671 143 731 aillud
166 688 247 728 nunc
265 671 381 744 melius,
400 671 480 746 quod
500 665 571 727 ‘oui'
589 669 685 728 tribus
705 688 778 744 quas
797 673 956 745 praeposui
975 670 1083 730 litteris
1098 671 1134 726 27

66 763 233 833 enatemus,
259 761 292 816 in
320 778 378 834 quo
405 759 505 834 pueris
533 759 618 816 nobis
647 759 685 816 ad
711 761 853 836 pinguem
881 777 951 818 sane
979 777 1085 819 sonum

68 869 107 924 qu
131 851 163 907 et
186 850 216 907 oi
233 848 405 922 utebantur,
428 850 547 906 tanturn
565 850 600 905 ut
618 847 655 906 ab
674 848 727 906 illo
748 844 822 923 ‘qui'
844 848 1083 926 distingueretur.

134 935 234 1006 Quid?
258 955 334 1012 quae
358 937 530 996 scribuntur
552 937 640 995 aliter
663 956 753 1012 quam
777 935 991 995 enuntiantur?
1014 957 1084 996 nam
1099 938 1137 993 28

66 1030 96 1085 et
125 1021 244 1086 ‘Gaius'
270 1025 291 1084 O
319 1026 422 1084 littera
451 1024 644 1103 significatur,
677 1045 753 1100 quae
782 1027 901 1084 inversa
928 1027 1085 1085 mulierem

32 1137 53 1176 ro
67 1117 210 1189 declarat,
234 1115 305 1190 quia
326 1119 391 1174 tam
410 1113 500 1173 Gaias
524 1133 586 1173 esse
609 1115 756 1173 vocitatas
776 1134 866 1190 quam
885 1113 975 1174 Gaios
994 1119 1086 1174 etiam

66 1224 101 1263 ex
124 1204 314 1279 nuptialibus
337 1203 429 1262 sacris
453 1207 590 1279 apparet:
619 1222 673 1262 nec
698 1200 838 1264 ‘Gnaeus'
863 1223 929 1263 eam
951 1205 1084 1263 litteram
1099 1205 1137 1260 29

64 1296 96 1352 in
119 1293 324 1370 praenominis
347 1297 420 1352 nota
443 1294 560 1368 accipit,
584 1312 645 1368 qua
668 1297 764 1370 sonat,
789 1296 819 1352 et
843 1289 1033 1352 ‘columnam'
1055 1296 1085 1352 et

66 1377 226 1442 ‘consules’
257 1386 394 1458 exempta
423 1402 443 1439 n
475 1382 578 1441 littera
606 1383 742 1458 legimus,
775 1386 804 1441 et
834 1377 985 1456 ‘Subura',
1018 1402 1085 1442 cum

63 1473 162 1532 tribus
195 1471 305 1530 litteris
336 1474 467 1545 notatur,
501 1469 522 1528 0
555 1474 676 1530 tertiam
709 1472 847 1530 ostendit.
888 1472 983 1530 multa
1015 1475 1085 1532 sunt

31 1561 185 1640 agenoris
216 1561 313 1634 huius,
345 1561 397 1620 sed
426 1561 499 1617 haec
530 1580 647 1635 quoque
676 1580 780 1619 vereor
809 1580 845 1618 ne
873 1562 994 1619 modum
1021 1564 1085 1619 tam

62 1669 178 1727 parvae
203 1650 385 1724 quaestionis
409 1652 594 1707 excesserint.

132 1739 284 1797 Iudicium
321 1741 421 1796 autern
458 1757 545 1796 suum
581 1739 794 1814 grammaticus
830 1738 1002 1814 interponat
1038 1740 1084 1796 his
1098 1739 1137 1794 30

63 1827 218 1888 omnibus:
241 1847 311 1885 nam
334 1828 389 1886 hoo
412 1828 511 1885 valere
534 1829 696 1902 plurimum
719 1827 814 1885 debet.
838 1847 901 1904 ego,
924 1830 983 1888 nisi
1006 1829 1086 1903 quod

63 1917 250 1978 consuetudo
270 1916 443 1992 optinuerit,
467 1917 509 1975 sic
528 1916 716 1975 scribendum
735 1917 865 1992 quidque
884 1917 992 1991 iudico,
1012 1937 1084 1992 quo-

24 2026 48 2068 ro
62 2006 157 2065 modo
181 2009 276 2065 sonat.
312 2007 361 2064 hic
388 2007 468 2064 enim
496 2008 540 2063 est
563 2024 633 2064 usus
655 2006 834 2076 litterarum,
858 2009 892 2064 ut
916 2006 1085 2064 custodiant
1099 2005 1136 2059 31

62 2114 156 2155 voces
187 2097 217 2153 et
245 2095 329 2153 velut
359 2095 528 2169 depositum
556 2095 682 2153 reddant
711 2095 886 2172 legentibus.
928 2097 1030 2170 itaque
1053 2095 1085 2152 id

62 2186 232 2260 exprimere
252 2184 368 2258 debent,
387 2184 467 2258 quod
485 2183 594 2242 dicturi
612 2203 721 2243 sumus.
745 2185 801 2240 hae
820 2184 881 2242 fere
900 2187 970 2242 sunt
989 2203 1085 2242 emen·
1099 2183 1137 2237 32

62 2276 137 2333 date
165 2273 307 2348 loquendi
334 2272 540 2348 scribendique
566 2275 680 2348 partes:
713 2273 787 2332 duas
814 2273 945 2348 reliquas
974 2273 1083 2350 signifi-

63 2367 173 2423 canter
196 2366 357 2437 ornateque
381 2361 499 2419 dicendi
517 2381 577 2419 non
595 2363 733 2436 equidem
752 2364 954 2440 grammaticis
975 2363 1085 2436 aufero,

20 2473 47 2513 25
63 2453 132 2524 sed,
169 2469 236 2509 cum
267 2452 343 2509 mihi
375 2450 474 2510 officia
505 2451 632 2510 rhetoris
665 2452 831 2527 supersint,
863 2453 970 2510 maiori
1003 2454 1086 2527 operi

62 2559 197 2600 reservo.

136 2629 226 2688 Redit
256 2632 356 2687 autem
383 2628 437 2686 illa
465 2630 617 2706 cogitatio,
650 2631 794 2706 quosdam
822 2630 892 2703 fore,
925 2631 977 2705 qui
1004 2631 1085 2703 haec,
1099 2628 1138 2682 33

65 2738 146 2795 quae
161 2719 300 2793 diximus,
318 2737 413 2794 parva
431 2721 558 2776 nimium
577 2722 607 2775 et
625 2720 829 2794 inpedimenta
848 2738 965 2794 quoque
988 2721 1084 2777 maius

65 2807 186 2883 aliquid
216 2807 372 2885 agentibus
403 2810 524 2882 putent:
560 2826 613 2866 nec
642 2811 706 2882 ipse
737 2809 775 2866 ad
802 2812 964 2866 extremam
991 2827 1084 2882 usque

22 2920 50 2959 eo
65 2899 254 2957 anxietatem
287 2899 317 2953 et
347 2899 465 2971 ineptas
499 2897 704 2956 cavillationes
733 2897 968 2956 descendendum
995 2899 1084 2971 atque

63 2988 113 3046 his
139 2987 261 3062 ingenia
280 2985 396 3043 concidi
414 2990 444 3043 et
463 2987 624 3043 comminui
643 2986 737 3044 credo.
770 2986 822 3044 sed
841 2987 916 3044 nihil
935 3005 970 3044 ex
988 3005 1085 3064 gram·
1100 2983 1139 3039 34

141 3249 158 3296 4
178 3243 199 3296 F
213 3243 340 3296 litteram
353 3242 390 3295 A²
405 3262 427 3314 g
441 3242 566 3296 litteram
581 3253 608 3294 P
661 3248 676 3296 d
695 3244 797 3312 pposui
811 3253 889 3296 ABP
900 3243 983 3312 posui
1000 3243 1084 3297 Geru-

65 3316 141 3371 hcrd
215 3321 245 3368 11
267 3331 319 3368 nec
337 3324 401 3368 BP:
421 3317 464 3367 set
482 3324 505 3366 Α
579 3320 611 3367 12
632 3331 688 3382 qua
706 3324 770 3370 BP:
790 3331 897 3383 quaea
914 3319 917 3383 Ι
935 3316 964 3367 et
982 3314 1085 3367 colum-

67 3403 136 3442 nam
155 3417 189 3426 -
208 3385 305 3439 littera
323 3395 384 3450 BP,
411 3385 458 3440 ced
476 3385 587 3438 columa
605 3396 633 3439 B
650 3386 780 3439 columna
799 3397 836 3440 P:
865 3389 894 3439 et
918 3385 1085 3440 clarissimos

67 3462 98 3514 et
117 3457 246 3512 consules
265 3458 411 3527 geminata
429 3457 528 3511 eadem
546 3457 643 3511 littera
661 3480 681 3510 a
700 3459 731 3512 ia
749 3459 924 3530 atriplisstruu
939 3458 1097 3524 ittoiaen

141 3534 176 3582 29
193 3528 344 3596 agentibus
361 3538 424 3583 AP:
444 3528 549 3598 agendi
570 3540 598 3586 B
673 3536 707 3588 31
725 3531 775 3589 his
796 3539 893 3588 ΛΡΝ.
907 3531 952 3586 ‘ne
973 3539 998 3583 B

924 3621 962 3678 Δί*
