2438 3832
117 125 181 189 1⁴52
417 123 644 189 QVINTILIANI
660 122 753 179 mar.
773 123 829 179 ΟΒ.

61 291 100 346 ca
116 292 328 368 cinativum,
339 293 734 371 ambiguitatis,legum
749 293 1133 352 contrariarumhlbu·

116 383 177 440 tius
200 381 304 440 eadem
322 383 468 442 divisione
486 401 557 442 usus
575 382 707 442 detrahit
724 382 962 456 translationem,
981 382 1134 442 subiciens

115 489 181 528 eam
204 471 363 530 iuridicali.
391 473 424 529 in
446 471 592 550 legalibus
617 490 734 546 quoque
757 471 981 547 quaestionibus
1013 472 1135 530 nullum

114 561 204 635 putat
227 579 299 635 esse,
323 562 376 635 qui
397 560 515 619 dicatur
536 560 773 620 ratiocinativus.
797 561 857 620 scio
880 560 970 636 plura
991 561 1133 621 inventu·

115 667 164 706 ros
187 649 293 723 adhuc,
316 649 369 724 qui
391 649 489 725 legere
514 650 654 724 antiquos
686 649 847 709 studiosius
870 649 984 722 volent,
1014 649 1070 708 eod
1096 658 1134 709 ne
1160 668 1173 711 s

116 738 190 796 baec
213 757 330 813 quoque
354 740 531 798 excesserint
553 738 675 797 modum
697 756 807 797 vereor.

63 823 102 879 bd
183 826 250 902 Ipse
273 845 320 886 me
342 827 469 902 paulum
491 829 523 884 in
542 827 612 902 alia,
636 845 726 902 quam
744 829 827 903 prius
845 826 1010 901 habuerim,
1034 829 1134 902 opini-

118 932 173 974 one
195 934 275 975 nunc
298 935 361 975 esse
379 915 528 974 confiteor.
553 919 582 974 et
600 917 726 976 fortasse
745 915 929 975 tutissimum
948 918 1014 975 erat
1032 916 1134 975 famae

117 1004 204 1064 modo
228 1005 362 1064 studenti
384 1005 460 1063 nihil
483 1024 518 1062 ex
541 1007 720 1079 comatam,
744 1005 821 1080 quod
840 1004 944 1063 multis
965 1007 1053 1063 annis
1072 1024 1134 1064 non

63 1088 103 1145 64
118 1096 273 1152 sensissem
287 1094 374 1152 modo
392 1112 496 1152 verum
511 1094 602 1152 etiam
617 1094 835 1169 adprobassem.
860 1093 909 1152 sed
924 1111 985 1152 non
999 1095 1134 1154 sustineo
1149 1114 1174 1156 rc

118 1199 180 1240 esse
204 1183 338 1242 conscius
370 1183 446 1240 mihi
472 1181 662 1257 dissimulati,
694 1184 727 1240 in
759 1201 793 1241 eo
824 1184 1003 1258 praesertim
1035 1200 1134 1258 opere,

118 1271 197 1346 quod
219 1272 257 1330 ad
280 1271 426 1329 bonorum
453 1273 596 1330 iuvenum
623 1272 756 1346 aliquam
784 1271 950 1331 utilitatem
979 1273 1134 1348 componi-

116 1379 191 1434 mus,
214 1362 247 1418 in
270 1359 333 1418 ulla
355 1362 441 1434 parte
463 1360 568 1418 iudicii
589 1360 656 1418 mei.
679 1380 749 1418 nam
768 1362 799 1418 et
816 1359 1016 1436 Hippocrates
1035 1361 1134 1420 clarus

118 1451 183 1507 arte
206 1449 371 1507 medicinae
393 1448 513 1507 videtur
530 1450 736 1508 honestissime
754 1449 868 1522 fecisse,
888 1449 968 1524 quod
987 1449 1134 1524 quosdam

118 1556 229 1596 errores
244 1556 321 1612 suos,
336 1557 373 1595 ne
392 1540 505 1613 posteri
519 1540 659 1614 errarent,
679 1539 829 1598 confessus
848 1540 900 1613 est,
916 1541 947 1596 et
959 1538 999 1596 M.
1014 1537 1134 1597 Tullius
1149 1558 1174 1600 ro

117 1645 177 1685 nou
191 1626 342 1685 dubitavit
359 1627 477 1701 aliquos
495 1628 557 1684 iam
575 1626 671 1685 editos
689 1626 782 1686 libros
801 1626 869 1685 aliis
887 1629 994 1702 postea
1012 1629 1135 1703 scriptis

72 1746 74 1751 >
116 1714 181 1790 ipse
204 1715 354 1788 damnare,
378 1717 455 1773 sicut
477 1713 617 1774 Cetrium
636 1718 726 1790 atque
744 1712 903 1774 Lucullum
921 1715 1024 1776 ethos
1043 1716 1135 1792 ipseo,

65 1810 102 1865 65
118 1803 154 1863 de
188 1804 296 1879 quibus
328 1804 416 1862 modo
447 1822 513 1862 sum
542 1803 668 1878 locutus,
704 1806 778 1863 artis
809 1805 984 1864 rhetoricae.
1022 1806 1134 1864 etenim

118 1911 316 1968 supervacuus
339 1892 418 1951 foret
439 1892 472 1951 in
495 1891 602 1951 studiis
624 1893 743 1970 longior
764 1893 858 1968 labor,
881 1895 908 1952 si
929 1893 1007 1952 nihil
1029 1893 1137 1952 liceret

117 1982 222 2041 melius
245 1981 379 2041 invenire
402 1983 581 2057 praeteritis.
604 2000 700 2056 neque
723 1984 824 2041 tamen
844 1981 1009 2057 quidquam
1028 2000 1064 2041 ex
1086 1984 1134 2057 iis,
1149 2002 1174 2044 ao

119 2074 282 2146 quactum
311 2073 459 2146 praecepi,
489 2088 705 2144 supervacuum
734 2072 805 2146 fuit3
839 2071 877 2128 ad
904 2071 1025 2130 easdem
1053 2073 1136 2129 enim

117 2161 281 2235 particulas
299 2160 372 2218 haec
390 2179 508 2235 quoque
528 2177 603 2234 quae
630 2176 709 2217 nunc
731 2161 914 2235 praecipiam
937 2162 1135 2218 revertente.

117 2249 162 2306 ita
185 2251 332 2307 neminem
356 2249 494 2307 didicisse
517 2249 683 2323 paeniteat:
715 2248 854 2325 colligere
882 2251 1001 2306 tantum
1030 2249 1136 2307 eadem

119 2355 153 2395 ac
176 2337 331 2412 disponere
363 2338 453 2413 paulo
483 2336 700 2414 significantius
732 2355 829 2395 conor.
862 2336 998 2396 omnibus
1032 2341 1136 2397 autem

119 2425 327 2483 satisfactum
345 2426 423 2499 volo,
446 2445 504 2484 nou
533 2445 580 2483 me
610 2424 665 2482 hoc
697 2427 790 2484 serius
823 2425 1026 2484 demonstrare
1057 2426 1136 2501 aliis,
1151 2446 1174 2488 aa

65 2519 103 2572 (ld
119 2533 210 2588 quam
231 2514 306 2570 mihi
328 2516 392 2588 ipse
415 2515 620 2590 persuaserim.
644 2514 805 2571 secundum
828 2515 973 2589 plurimos
996 2517 1136 2574 auctores

119 2601 273 2659 servabam
304 2604 360 2661 tris
385 2604 546 2662 rationales
574 2603 683 2660 status:
717 2602 977 2677 coniecturam,
1010 2605 1136 2682 quali-

118 2692 242 2763 tatem,
280 2690 501 2766 finitionem,
537 2711 629 2748 unum
665 2692 827 2769 legalem.
864 2691 897 2749 hi
928 2691 1004 2750 mihi
1035 2694 1136 2753 status

119 2777 270 2855 generales
307 2782 400 2837 erant.
437 2781 563 2856 legalem
599 2781 632 2836 in
659 2781 789 2855 quinque
827 2780 939 2856 specics
967 2780 1135 2856 partiebar:

119 2866 249 2942 scripti
273 2869 307 2924 et
325 2868 541 2943 voluntatis,
564 2868 683 2945 legum
702 2870 979 2944 contrariarum,
1000 2869 1136 2930 collec-
1151 2892 1174 2932 ao

65 2961 102 3016 67
121 2957 248 3028 tivum,
281 2955 548 3032 ambiguitatis,
580 2956 849 3016 translationis.
879 2975 958 3016 nunc
990 2961 1136 3033 quartum

120 3065 155 3102 ex
169 3042 356 3122 generalibus
375 3044 517 3119 intellego
535 3062 621 3119 posse
636 3047 793 3118 removeri3
813 3045 923 3104 sufficit
937 3047 1016 3104 enim
1035 3050 1138 3123 prima

120 3134 241 3205 divisio,
270 3151 329 3206 qua
357 3130 483 3189 diximus
508 3132 582 3189 alios
612 3133 783 3208 rationales,
815 3135 891 3193 alios
914 3134 1027 3212 legales
1057 3155 1136 3196 esse:

192 3271 225 3319 13
244 3264 370 3334 Epidem.
391 3269 465 3328 s,14

192 3396 207 3443 3
222 3386 376 3442 iuridiciali
391 3388 456 3442 libri
517 3393 548 3440 11
565 3386 756 3443 dissimulanti
770 3399 797 3442 Ρ
855 3396 888 3445 16
903 3391 1015 3460 aliquos
1029 3410 1095 3448 suos
1110 3405 1140 3449 Ρ

120 3461 288 3603 ffiqrdadd
302 3459 394 3528 Vallo)
467 3463 501 3510 29
525 3457 649 3527 quinque
673 3459 774 3513 ew:
803 3461 855 3515 has
878 3464 1023 3532 ohasque
1043 3474 1068 3518 T
1083 3466 1136 3520 has
