2460 3854
430 138 478 194 Ν.
497 144 523 206 a,
543 142 692 193 rra-mc.
1006 137 1069 202 221

83 309 204 367 22122112
233 308 354 384 quidem
384 308 468 367 velut
496 309 659 384 fatigatum
690 306 855 366 intentione
886 307 1072 366 stomachum

81 396 163 456 iudicis
183 397 303 456 reficere
326 397 532 470 dissuaserim,
562 398 690 454 maxime
720 396 840 472 quidem
868 396 952 455 brevi
978 398 1071 455 inter-

79 485 189 562 tectione,
212 487 310 562 qualis
335 489 380 545 est
402 487 457 544 1112
481 482 627 544 ‘fecerunt
650 485 728 546 servi
751 485 880 560 Milonis,
904 485 984 560 quod
1002 504 1071 545 suos

78 575 179 652 quisque
202 595 303 635 servos
325 577 359 634 in
380 594 412 634 re
439 576 496 633 teli
524 576 621 634 facere
643 570 810 647 voluisset,
832 576 955 633 interim
977 575 1068 649 paulo

55 662 205 740 eliberime,
234 664 332 740 qualis
364 667 410 723 est
432 664 499 722 illa:
528 659 627 722 ‘nubit
649 682 757 742 genero
782 682 882 723 socrus
905 663 995 721 nullis
1020 682 1072 722 an-

73 755 197 829 spicibus,
228 755 320 814 nullis
353 754 536 826 auctoribus,
573 753 698 812 firnestis
735 753 884 811 ominibus
917 747 1070 810 omnium’.

70 844 218 917 quodcum
242 843 283 902 sit
304 844 418 900 factum
434 842 473 901 iis
492 861 611 918 quoque
629 841 823 916 temporibus,
848 841 953 916 quibus
974 842 1068 899 omnis
1085 842 1143 896 122

69 931 96 989 ad
115 932 280 990 utilitatem
302 932 404 1007 potius
428 950 517 1006 quam
537 932 575 988 ad
589 933 821 990 ostentationem
839 932 1072 1006 componebatur

67 1024 150 1081 oratio
175 1024 206 1079 et
229 1025 316 1080 erant
339 1020 434 1078 adhuc
458 1023 607 1078 severiore
629 1021 750 1093 iudicia,
781 1022 893 1096 quanto
920 1038 999 1077 nunc
1027 1021 1072 1077 fa-

48 1111 191 1169 12122122
210 1112 316 1187 magis,
340 1129 405 1169 cum
429 1111 462 1166 in
483 1111 550 1184 ipsa
573 1110 680 1184 eapitis
705 1111 758 1167 aut
781 1110 970 1167 fortunarum
994 1108 1071 1184 pori-

64 1201 121 1258 cula
151 1200 269 1275 inrupit
297 1197 459 1274 voluptas?
493 1199 542 1256 cui
568 1198 722 1256 hominum
751 1198 895 1257 desiderio
924 1200 1071 1272 quantum

61 1288 118 1347 dari
141 1289 250 1347 debeat
273 1289 333 1346 alio
356 1288 422 1346 loco
446 1287 558 1345 dicam:
580 1287 703 1345 interim
722 1287 837 1362 aliquid
855 1287 1071 1364 indulgendum

60 1396 113 1438 esse
138 1376 290 1436 confiteor.
317 1378 448 1435 multum
471 1377 586 1435 confert
609 1376 726 1435 adiecta
748 1377 826 1435 veris
851 1376 1001 1434 credibilis
1024 1396 1069 1433 re·
1085 1376 1143 1431 128

58 1485 116 1525 rum
145 1469 256 1544 imago,
298 1485 374 1541 quac
410 1465 495 1525 velut
523 1468 556 1524 in
591 1485 655 1523 rem
691 1470 878 1540 praesentem
909 1464 1070 1539 perducere

57 1556 203 1614 audientis
230 1555 357 1628 videtur,
388 1556 485 1630 qualis
514 1558 559 1614 est
585 1554 640 1611 1112
663 1554 703 1612 M.
732 1553 816 1612 Caeli
844 1555 877 1612 in
904 1553 1069 1612 Antonium

57 1645 228 1721 descriptio:
266 1640 407 1718 ‘namque
447 1644 545 1719 ipsum
577 1643 736 1702 offendunt
767 1643 931 1701 temulento
965 1662 1069 1718 sopore

56 1735 257 1812 profligatum,
280 1735 354 1792 totis
377 1733 560 1808 praecordiis
580 1735 751 1791 stertentem
771 1736 926 1791 ructuosos
946 1734 1069 1807 spiritus

55 1824 214 1900 geminare,
237 1823 466 1898 praeclarasque
489 1822 715 1880 contubernales
740 1821 776 1880 ab
792 1821 928 1880 omnibus
948 1822 1070 1897 spondis

54 1917 238 1972 transversas
271 1911 413 1969 incubare
447 1914 477 1969 et
508 1911 640 1987 reliquas
673 1910 783 1968 circum
815 1912 912 1969 iacere
944 1911 1070 1984 passim:

55 2021 128 2078 quae
161 2005 264 2059 tamen
297 2002 485 2058 exanimatae
516 2004 642 2073 terrore,
674 2000 806 2059 hostium
838 1999 969 2057 adventu
1002 2019 1068 2073 per·
1084 1998 1143 2054 124

55 2094 148 2167 cepto,
173 2091 302 2148 excitare
325 2089 488 2147 Antonium
513 2089 705 2163 conabantur,
728 2107 836 2146 nomen
858 2088 1071 2161 inclamabant,

54 2180 165 2239 frustra
199 2199 217 2237 2
249 2179 412 2237 cervicibus
444 2178 600 2252 tollebant,
632 2177 771 2236 blandius
804 2178 865 2234 2112
897 2177 935 2234 ad
967 2196 1071 2235 aurem

54 2268 223 2343 invocabat,
252 2267 456 2326 vehementius
480 2267 571 2326 etiam
595 2267 740 2325 nonnulle
769 2266 909 2324 feriebat:
942 2285 1070 2341 quarum

54 2377 119 2417 cum
162 2356 295 2416 omnium
336 2376 439 2417 vocem
479 2359 654 2431 tactumque
700 2356 874 2429 noscitaret,
915 2355 1068 2430 proximae

55 2449 201 2521 cuiusque
228 2446 339 2504 collum
370 2447 511 2521 amplexu
543 2445 677 2521 petebat:
708 2464 803 2519 neque
834 2445 962 2503 dormire
993 2447 1069 2503 exci-

53 2539 135 2595 tatus
159 2554 255 2609 neque
278 2534 404 2612 vigilare
429 2535 527 2594 ebrius
545 2537 673 2611 poteret,
697 2536 748 2594 sed
767 2534 944 2594 semisomno
964 2553 1069 2608 sopore

53 2627 131 2684 inter
168 2642 274 2682 manus
312 2626 519 2682 centurionum
556 2624 845 2698 concubinarumque
877 2620 1068 2682 iactabatur'.

53 2714 128 2771 nihil
152 2713 198 2772 his
221 2732 317 2788 neque
341 2713 510 2772 credibilius
533 2713 605 2790 fingi
624 2732 720 2787 neque
743 2714 946 2771 vehementius
966 2732 1069 2788 expro-

52 2802 134 2861 brari
158 2821 253 2877 neque
277 2802 464 2862 manifestius
489 2802 605 2861 ostendi
628 2805 735 2878 potest.

118 2891 166 2950 Ne
193 2891 268 2949 illud
296 2891 417 2967 quidem
445 2890 623 2966 praeteribO,
656 2895 799 2966 quantam
831 2891 948 2948 adferat
979 2890 1068 2949 fidem
1083 2890 1141 2945 121

53 2981 232 3056 expositioni
251 2981 401 3039 narrantis
420 2980 592 3053 auotoritaS,
612 2998 701 3053 quam
721 2980 827 3038 mereri
846 2979 985 3038 debemus
1000 2988 1069 3038 anto

54 3072 154 3129 omnia
179 3069 299 3144 quidem
327 3072 400 3144 vita,
428 3069 479 3128 sed
509 3072 539 3126 et
567 3070 633 3143 ipso
664 3088 771 3145 genere
801 3070 959 3127 orationis:
990 3069 1069 3143 quod

126 3256 267 3327 22211.
288 3263 330 3325 10,
350 3263 383 3310 22
403 3289 436 3298 -
456 3261 472 3309 c
490 3273 518 3326 p.
539 3253 646 3309 cluent.
667 3260 691 3322 e,
708 3260 741 3308 14

124 3461 141 3509 4
160 3470 191 3508 re
205 3454 258 3508 tali
271 3463 327 3508 BP
338 3453 388 3507 Vt.-
406 3452 459 3505 1211
477 3469 507 3506 re
521 3462 544 3504 A
560 3452 614 3507 Oic.
630 3451 699 3505 codd
770 3456 786 3505 8
802 3468 887 3519 quam
902 3451 1069 3505 ostentatio·

51 3545 117 3580 nem
135 3525 202 3579 ΒΡ1
274 3524 474 3578 esuriendum
493 3533 546 3578 BP
