2460 3854
142 127 163 205 6
445 93 673 203 omninum
690 135 781 191 mss,
802 135 860 194 on.

141 311 244 386 aliqua
267 309 303 368 de
326 307 422 368 causis
446 307 634 366 naturalibus
656 295 797 382 quaerit?
819 323 890 366 nam
912 306 1072 366 verborum
1089 325 1162 380 pro-

140 401 252 474 prietas
272 415 307 457 ac
325 397 493 456 differentia
511 397 657 470 omnibns,
676 396 729 471 qui
747 414 912 456 sermonem
931 414 1019 455 curae
1037 395 1161 470 habent,

87 478 122 539 ll
140 488 228 547 debet
250 505 312 548 esse
336 488 509 547 communis.
533 486 585 544 sed
608 504 643 544 ea
666 488 697 544 et
720 485 794 545 sciet
816 487 929 561 optime
952 487 982 542 et
1001 484 1162 559 eloquetur

140 579 253 636 orator:
286 578 339 653 qui
366 575 392 635 si
418 576 525 634 diisset
552 575 713 649 aliquando
741 575 899 650 perfectus,
927 594 987 632 non
1015 593 1033 631 a
1061 573 1160 650 philo-

139 666 300 741 sophorum
327 665 436 726 scholis
459 666 581 723 virtutis
604 665 765 739 praecepta
788 665 968 741 peterentur.
1005 681 1084 720 nunc
1108 681 1160 722 ne·
1187 684 1197 722 s

139 773 219 814 cesse
243 757 289 813 est
311 755 350 813 ad
373 771 422 814 eos
442 746 633 832 [aliquando]
653 755 788 812 auctores
806 771 965 826 recurrere,
990 754 1042 828 qui
1060 751 1158 811 deser·

138 847 211 919 tam,
234 847 268 903 nt
291 844 360 918 dixi,
384 845 502 919 partem
525 844 674 902 oratoriae
694 844 777 918 artis,
799 844 953 902 meliorem
971 843 1159 918 praesertim,

138 936 369 1009 occupaverunt,
401 936 431 991 et
463 933 546 991 velut
578 935 714 990 nostrum
745 949 907 1008 reposcere,
944 949 1004 989 non
1035 933 1072 988 ut
1103 949 1159 990 nos

136 1023 259 1081 illorum
290 1024 411 1081 utamur
443 1021 582 1095 inventis,
614 1021 665 1080 sed
697 1023 732 1080 ut
764 1021 832 1079 illos
863 1021 968 1079 alienis
996 1038 1066 1079 usos
1095 1038 1158 1080 esse

85 1107 122 1164 18
137 1112 303 1171 doceamus.
341 1113 381 1170 sit
402 1111 497 1189 igitur
520 1113 623 1169 orator
644 1112 691 1168 vir
712 1110 793 1184 talis,
824 1110 922 1185 qualis
944 1128 1013 1168 vere
1037 1109 1157 1184 sepiens
1172 1131 1196 1170 ιο

137 1201 285 1276 appellari
307 1201 411 1276 possit,
434 1219 487 1258 nec
510 1199 641 1259 moribus
659 1199 748 1258 modo
766 1200 916 1274 perfectus
936 1190 1021 1280 (uam
1039 1197 1072 1256 id
1090 1217 1159 1257 mea

138 1291 259 1365 quidem
288 1289 438 1365 opinione,
471 1307 652 1365 quamquam
682 1290 753 1348 sunt
783 1289 835 1364 qui
866 1287 1053 1362 dissentiant,
1084 1288 1157 1347 satis

136 1398 196 1438 non
227 1371 296 1459 est),
328 1379 380 1438 sed
412 1381 503 1437 etiam
535 1379 661 1437 scientia
692 1379 722 1437 et
753 1380 833 1437 omni
858 1378 1003 1437 facultate
1030 1376 1157 1435 dicendi.

84 1469 234 1543 loquelis
265 1469 391 1528 fortasse
421 1487 508 1526 nemo
540 1467 636 1526 adhuc
666 1467 766 1542 fuerit,
799 1467 850 1527 sed
879 1485 939 1527 non
966 1467 1034 1526 ideo
1057 1467 1157 1525 minus

136 1557 221 1616 nobis
249 1558 288 1617 ad
316 1577 432 1616 summa
460 1556 641 1616 tendendum
669 1559 727 1615 est:
760 1557 840 1632 quod
863 1557 998 1616 fecerunt
1020 1555 1158 1632 plerique
1172 1578 1195 1618 rs

112 1675 114 1679 π
135 1649 280 1721 veterum,
305 1647 355 1722 qui
379 1647 431 1706 etsi
457 1646 588 1705 nondum
612 1665 793 1722 quemquam
816 1648 983 1723 sapientem
1005 1648 1158 1721 repertum

13 1806 17 1814 ¹
82 1741 120 1798 20
135 1735 292 1811 putabant,
323 1739 482 1813 praecepte
514 1738 615 1794 temen
644 1736 812 1811 sapientiae
841 1735 1040 1795 tradiderunt.
1085 1754 1158 1793 nam

136 1827 181 1884 est
210 1828 288 1884 certe
320 1825 435 1901 aliquid
462 1827 669 1885 consummata
698 1824 869 1902 eloquentia
898 1843 994 1900 neque
1023 1824 1061 1884 ad
1090 1843 1158 1883 eam

7 1927 10 1931 ’
133 1915 287 1990 pervenire
316 1918 424 1974 natura
451 1915 575 1973 humani
601 1913 717 1991 ingenii
743 1915 891 1991 prohibet.
938 1915 1018 1989 quod
1047 1916 1158 1974 sinon

134 2005 301 2082 contingat,
334 2004 425 2063 altius
456 2006 558 2062 tamen
589 2003 684 2076 ibunt,
718 2005 769 2079 qui
802 2004 840 2064 ad
868 2022 984 2064 summa
1012 2004 1156 2078 nitentur,
1172 2026 1195 2065 so

134 2111 224 2168 quarn
255 2095 307 2169 qui
336 2095 529 2170 praesumpta
559 2093 764 2167 desperatione
795 2113 853 2169 quo
883 2093 978 2152 velint
1009 2092 1157 2152 evadendi

134 2184 272 2257 protinus
295 2183 373 2242 circa
396 2184 458 2241 ima
482 2182 678 2242 substiterint.
1221 2251 1224 2255 ,

80 2274 116 2334 21
201 2271 265 2341 Quo
292 2275 389 2350 magis
416 2272 606 2349 impetranda
634 2274 692 2331 erit
713 2271 811 2345 venia,
839 2273 865 2331 si
887 2292 924 2330 ne
947 2271 1066 2331 minora
1090 2275 1156 2347 qui-

133 2360 201 2419 dem
227 2361 289 2435 illa,
316 2380 421 2421 verum
447 2361 530 2438 operi
559 2362 639 2437 quod
665 2361 851 2422 instituimus
879 2361 1047 2421 necessaria
1069 2381 1155 2438 prae·

132 2449 236 2509 teribo.
283 2468 353 2510 narn
384 2450 460 2509 liber
491 2452 607 2526 primus
640 2470 684 2524 ea,
716 2469 792 2527 quae
825 2453 896 2509 sunt
924 2453 993 2509 ante
1022 2449 1156 2510 officium
1170 2473 1194 2513 ss

131 2539 267 2614 rhetoris,
298 2539 470 2599 continebit.
517 2540 645 2600 secundo
676 2542 774 2616 prima
805 2539 885 2617 apud
913 2539 1064 2599 rhetorem
1096 2541 1155 2600 ele-

132 2622 234 2687 menta
264 2632 294 2687 et
324 2647 401 2705 quae
430 2629 467 2688 de
496 2631 563 2704 ipsa
590 2629 752 2688 rhetorices
776 2629 944 2689 substantia
968 2632 1157 2705 quaeruntur

80 2721 117 2780 22
132 2718 336 2778 tractabimus.
384 2720 515 2795 quinque
546 2718 683 2795 deinceps
713 2719 881 2778 inventioni
912 2711 997 2799 (nam
1024 2720 1096 2777 huic
1125 2723 1157 2779 et

132 2807 289 2884 dispositio
303 2799 519 2889 subiungitur),
538 2811 680 2883 quattuor
699 2809 869 2882 elocutioni,
888 2809 919 2866 in
939 2808 1022 2866 cuius
1036 2811 1156 2885 partem

130 2899 275 2956 memoria
299 2915 334 2956 aa
352 2898 559 2973 pronuntiatio
578 2898 711 2972 veniunt,
734 2897 893 2957 dabuntur.
926 2916 1003 2956 unus
1023 2898 1153 2973 accedet,
1169 2920 1194 2962 so

130 2987 162 3043 in
186 3005 245 3062 quo
269 2986 355 3046 nobis
378 2989 479 3046 orator
501 2988 566 3062 ipse
588 2986 795 3046 informandus
814 2990 871 3047 cst:
899 2986 960 3061 ubi,
984 2987 1036 3062 qui
1054 3006 1154 3047 mores

131 3077 203 3150 eius,
227 3095 302 3151 quae
325 3078 358 3134 in
381 3076 588 3152 suscipiendis,
615 3076 772 3150 discendis,
795 3077 919 3154 agendis
936 3069 1041 3136 ‘causis
1064 3077 1154 3152 ratio,
1215 3146 1217 3155 Ι

131 3165 211 3240 quod
230 3165 418 3241 eloquentiae
436 3184 539 3242 genus,
558 3165 625 3242 quis
644 3167 754 3244 agendi
773 3165 880 3225 debeat
898 3184 961 3225 esse
978 3165 1056 3241 finis,
1077 3185 1155 3241 quae

130 3257 200 3329 post
222 3253 311 3313 finem
334 3255 443 3328 studia,
468 3257 616 3331 quantum
638 3258 742 3315 nostra
765 3255 880 3315 valebit
901 3255 1071 3329 infirmitas,
1095 3255 1156 3315 dis-

75 3349 116 3406 28
130 3361 268 3402 seremus.
292 3344 339 3402 his
358 3343 495 3404 omnibus
514 3344 734 3421 admiscebitur,
752 3348 789 3404 ut
807 3345 934 3421 quisque
953 3345 1036 3405 locus
1050 3348 1154 3420 postu·
1170 3428 1195 3468 ³5

190 3531 383 3598 aliliquando
399 3532 446 3590 del
456 3533 598 3607 Spalding}
648 3539 681 3588 31
701 3532 753 3587 nbi
765 3533 850 3588 idern:
863 3536 898 3586 ut
911 3534 976 3587 labri
990 3551 1010 3584 u
1024 3534 1055 3586 ia
1068 3550 1116 3587 ras
1131 3544 1154 3585 Α
