2460 3854
352 133 408 193 .11.>
423 145 466 207 re,
485 145 598 195 ae-os.
619 146 662 209 re,
681 147 758 196 1-3.
1007 137 1071 203 109

48 312 80 367 et
114 309 185 368 linis
219 309 277 368 hoc
304 308 393 367 modo
421 327 612 384 conprensus,
654 305 843 386 ‘persuadere
872 309 953 384 quod
986 328 1072 384 opor·

48 393 138 472 teat’,
169 399 231 457 nisi
257 397 337 473 quod
364 399 459 456 artem
492 397 530 456 ad
562 400 674 457 exitum
707 399 821 477 alligat.
854 398 928 457 bene
960 397 1071 458 Areus:
1085 406 1125 461 36

49 483 166 547 ‘dicere
199 487 360 546 secundum
391 488 534 545 virtutem
566 482 732 546 orationis'.
765 488 925 546 excludunt
957 505 975 545 a
1005 487 1071 544 rha-

48 577 146 636 torice
184 577 280 634 malos
320 578 351 633 et
386 575 447 650 illi,
489 578 540 652 qui
582 571 749 636 ‘scientiam
786 576 920 636 civilium
956 575 1072 635 officio-

50 661 132 724 rum'
159 685 226 724 eam
249 667 440 741 putaverunt,
464 665 490 725 si
513 666 669 724 scientiam
691 667 834 725 virtutem
851 666 997 739 iudicant,
1020 664 1071 724 sed

51 757 183 833 anguste
200 755 339 830 intraque
359 755 461 814 civiles
480 757 668 830 quaestiones
688 759 831 814 coercent.
854 755 998 813 Albutius
1011 774 1071 812 non

50 844 198 903 obscurus
221 843 371 918 professor
394 845 485 918 atque
513 846 618 903 auctor
647 841 814 904 ‘scientiam
842 845 917 903 bene
941 839 1069 902 dicendi'

52 951 118 992 esse
139 933 301 1006 consentit,
334 931 386 991 scd
413 933 634 1008 exceptionibus
662 936 766 1010 peccat
798 933 952 993 adiciendo
981 927 1072 991 ‘circa

52 1023 159 1081 civiles
192 1023 382 1097 quaestiones
412 1024 443 1080 et
474 1017 666 1081 credibiliter'
701 1043 827 1098 quamm
859 1024 978 1097 utrique
1009 1024 1071 1078 iam

52 1130 229 1187 responsum
262 1112 316 1169 est.
347 1110 511 1186 probabilis
551 1114 581 1171 et
614 1112 661 1170 illi
698 1113 863 1171 voluntatis
897 1113 949 1186 qui
981 1105 1071 1168 ‘recte
1086 1119 1122 1174 37

53 1200 167 1259 sentire
190 1203 220 1258 et
243 1193 353 1258 dicer&
375 1200 536 1260 rhetorices
558 1205 750 1274 putaverunt.

121 1289 164 1346 Hi
186 1291 257 1348 sunt
279 1288 341 1347 fere
364 1288 436 1347 fines
459 1289 587 1348 maxime
610 1291 751 1349 inlustres
765 1293 796 1349 et
809 1290 845 1347 de
860 1288 968 1364 quibus
987 1307 1071 1363 prae·

53 1379 140 1454 cipue
161 1378 340 1452 disputatur.
360 1396 430 1436 nam
449 1381 545 1437 omnis
565 1380 684 1454 quidem
698 1381 837 1453 persequi
850 1397 947 1453 neque
962 1377 1072 1435 attinet

53 1486 150 1544 neque
164 1486 295 1542 possum,
319 1486 387 1526 cum
404 1485 531 1542 pravum
551 1468 711 1544 quoddam,
729 1470 764 1525 ut
783 1468 920 1542 arbitror,
939 1466 1072 1525 studium

56 1559 135 1616 circa
158 1557 319 1631 scriptores
344 1557 455 1614 artium
478 1556 619 1631 extiterit,
642 1558 720 1615 nihil
742 1557 838 1616 isdem
860 1556 967 1631 verbis,
995 1574 1071 1630 quae

55 1647 136 1721 prior
151 1645 261 1721 aliquis
275 1648 457 1721 occupasset,
475 1645 607 1721 finiendi,
626 1665 702 1721 quac
717 1646 841 1705 ambitio
856 1645 961 1722 procul
975 1645 1072 1703 aberit

57 1753 152 1794 ame.
177 1735 275 1793 dicam
299 1735 378 1792 enim
400 1755 461 1793 non
484 1736 587 1810 utique
619 1754 695 1810 quae
726 1737 877 1808 invenero,
910 1735 960 1793 sed
994 1753 1071 1809 quae
1085 1742 1124 1796 38

56 1823 225 1900 placebunt,
254 1824 331 1882 sicut
358 1824 428 1882 hoc:
455 1824 665 1883 rhetoricen
698 1843 774 1884 essa
806 1824 893 1883 bene
927 1824 1071 1881 dicendi

59 1913 260 1987 scientiam,
283 1932 351 1971 oum
372 1915 490 1988 reperto
514 1913 594 1988 quod
616 1916 662 1972 est
684 1914 840 1988 optimum,
870 1915 924 1988 qui
951 1914 1071 1987 quaerit

58 2003 144 2076 aliud,
167 2003 254 2077 peius
267 2002 349 2060 velit.
372 2002 419 2059 his
434 2002 607 2078 adprobatis
621 2004 712 2062 simul
730 2003 920 2060 manifestum
936 2004 982 2060 est
994 2001 1070 2058 illud

60 2110 183 2167 quoque,
207 2110 297 2166 quem
319 2090 408 2149 finem
430 2092 479 2149 vel
493 2091 565 2165 quid
583 2111 731 2151 summum
751 2095 781 2150 et
798 2092 938 2149 ultimum
961 2090 1070 2148 habeat

59 2180 210 2253 rhetorice,
234 2179 316 2255 quod
338 2176 418 2249 τέλος
442 2180 561 2254 dicitur,
590 2181 629 2239 ad
652 2181 731 2256 quod
759 2182 856 2239 omnis
883 2199 932 2238 ars
959 2180 1069 2238 tendit:

59 2288 123 2328 nam
147 2272 173 2329 si
197 2271 243 2328 est
272 2269 339 2342 ipsa
360 2268 434 2327 bene
463 2270 581 2328 dicendi
603 2268 737 2341 scientia,
759 2270 827 2329 finis
851 2269 913 2327 eius
937 2271 967 2327 et
990 2287 1069 2327 sum-

60 2376 138 2418 mum
162 2361 209 2418 est
231 2358 306 2417 bene
330 2357 435 2416 dicere.
1129 2366 1160 2419 θ

439 2509 503 2581 [ru
522 2509 659 2583 ornis]

118 2625 201 2684 XVI.
226 2624 369 2700 Sequitur
392 2628 542 2700 quaestio,
570 2646 612 2684 an
642 2627 749 2686 utilis
776 2628 968 2686 rhetorice.
999 2646 1070 2684 nam
1106 2632 1122 2685 1

50 2715 177 2792 quidam
191 2715 381 2773 vehementer
394 2716 426 2773 in
445 2734 512 2774 eam
533 2717 635 2775 invehi
653 2719 750 2776 solent
769 2719 799 2774 et
819 2717 898 2791 quod
916 2716 956 2774 sit
970 2716 1069 2792 indig-

48 2805 221 2877 nissimum,
243 2804 275 2860 in
299 2807 518 2863 accusationem
541 2807 685 2865 orationis
714 2808 840 2864 utuntur
868 2805 973 2863 orandi
998 2807 1068 2862 viri-

48 2889 122 2954 bus:
146 2893 351 2967 eloquentiam
372 2912 444 2967 esse,
468 2912 544 2968 quae
562 2897 665 2970 poenis
685 2897 793 2969 eripiat
812 2895 960 2968 scelestos,
980 2895 1063 2953 ouius
1103 2899 1120 2953 2

48 2983 160 3043 haudo
180 2982 359 3039 damnentur
377 2983 498 3041 interim
515 2983 594 3059 boni,
619 2987 743 3043 consilia
762 2984 911 3042 ducantur
928 2984 960 3040 in
974 2985 1069 3058 peiuS,

48 3091 104 3132 nec
130 3070 292 3130 seditiones
315 3072 403 3130 modo
427 3073 591 3147 turbaeque
614 3075 783 3148 populares,
806 3073 858 3131 sed
880 3072 960 3130 bella
979 3074 1070 3130 etiam

48 3159 250 3236 inexpiabilia
264 3160 438 3235 excitentur,
453 3163 535 3219 cuius
551 3161 678 3236 denique
691 3165 757 3220 tum
771 3164 917 3220 maximus
937 3161 977 3220 sit
990 3180 1069 3236 usus,

48 3271 121 3310 eum
145 3268 200 3325 pro
224 3247 310 3307 falsis
339 3254 443 3309 contra
472 3251 631 3308 veritatem
658 3252 748 3309 valet.
789 3270 859 3309 nam
892 3253 922 3308 et
952 3249 1070 3308 Socrati
1104 3255 1122 3308 3

126 3462 142 3509 8
159 3455 300 3509 consensit
318 3464 346 3508 B
418 3461 451 3509 16
469 3455 592 3508 finiendo
613 3455 676 3507 ιη’1
749 3461 781 3507 27
802 3455 854 3526 sit]
870 3456 913 3507 est
928 3455 1015 3508 Halm

50 3533 86 3582 32
107 3525 339 3594 inexpugnabilia
356 3536 387 3578 B
419 3547 434 3565 ·
