2460 3854
391 135 414 191 1.
442 141 485 204 10,
503 141 616 192 ee-ee.
646 141 785 204 11‚1-s.

207 296 267 368 [nu
285 297 402 351 Parui
419 296 755 351 Paonunrmrionrs
774 297 821 350 nr
840 296 976 351 cussus

458 385 740 457 rnsrrrurronnq

150 484 203 542 XI.
235 484 374 544 Dandum
401 484 517 559 aliquid
543 484 683 542 comoedo
710 503 838 559 quoque,
866 484 936 542 dum
964 488 1130 561 eatenus,1

81 593 143 650 qua
165 573 382 650 pronuntiandi
405 575 560 631 scientiam
582 573 699 632 futurus
724 576 826 631 orator
848 574 1004 632 desiderat.
1037 595 1096 634 non

56 664 163 726 renim
196 682 334 738 puerum,
366 681 455 737 quern
486 664 518 720 in
550 663 605 721 hoc
636 663 833 736 instituimus,
866 666 920 721 aut
951 664 1096 722 femineae

82 755 164 812 vocis
190 752 324 810 exilitate
346 751 447 829 frangi
469 751 537 810 volo
562 755 614 811 aut
637 751 770 810 seniliter
792 755 926 809 tremere.
950 772 1003 810 nee
1022 752 1149 818 vitiaa'

84 842 238 900 ebrietatis
275 840 398 919 effingat
428 859 483 898 nec
515 841 617 899 servili
647 841 818 899 vernilitate
855 841 1007 900 imbuatur
1042 862 1097 901 neo

84 930 208 1004 morie,
241 929 398 1004 avaritiae,
434 931 531 988 metus
564 930 660 988 discat
692 930 857 988 adfectum:
894 949 969 1005 quae
1001 951 1096 1006 neque

84 1019 199 1079 oratori
230 1023 299 1077 sunt
330 1021 498 1077 necessaria
530 1022 559 1077 et
590 1023 719 1077 mentem
750 1021 909 1093 praecipue
939 1019 970 1076 in
999 1023 1097 1078 aetate

52 1111 181 1186 aprima
209 1112 342 1166 teneram
370 1107 465 1167 adhuc
493 1111 523 1165 et
549 1108 653 1167 rudem
679 1107 828 1180 inficiunt,
861 1127 930 1164 narn
959 1109 1097 1183 frequens

82 1199 215 1257 imitatio
245 1198 354 1255 transit
382 1197 414 1254 in
443 1215 548 1255 mores.
590 1216 626 1254 ne
656 1200 756 1273 gestus
787 1197 907 1270 quidem
937 1198 1032 1256 omnis
1063 1208 1129 1262 ace

82 1290 183 1346 motus
208 1305 226 1345 a
249 1285 395 1344 comoedis
418 1286 564 1360 petendus
588 1290 640 1344 est.
678 1305 859 1361 quamquam
883 1288 962 1343 enim
984 1290 1098 1344 utrum-

82 1396 140 1453 qne
172 1394 276 1434 eorum
306 1375 345 1433 ad
374 1376 523 1449 quendam
552 1376 674 1434 modum
702 1379 855 1450 praestare
878 1375 965 1433 debet
988 1380 1097 1450 orator,

81 1467 250 1541 plurimum
277 1467 378 1522 tamen
406 1463 502 1522 aberit
530 1483 548 1522 a
571 1466 712 1538 scaenico,
740 1483 794 1522 neo
817 1464 903 1522 vultu
931 1483 984 1522 neo
1007 1485 1098 1524 manu

52 1573 135 1614 aneo
160 1553 382 1612 excursionibus
409 1555 528 1612 nimius.
565 1572 635 1611 nam
659 1555 685 1612 si
707 1573 766 1628 qua
789 1555 821 1610 in
844 1553 890 1610 his
914 1573 961 1612 ars
986 1560 1031 1613 est
1054 1556 1097 1613 di·

81 1646 224 1718 centium,
248 1661 283 1700 ea
305 1645 402 1716 prima
426 1646 480 1715 est,
502 1661 538 1699 ne
563 1661 610 1701 ars
634 1661 697 1702 esse
720 1642 866 1701 videatur.

150 1731 238 1801 Quod
269 1735 313 1789 est
344 1731 437 1807 igitur
465 1731 554 1790 huius
584 1732 711 1791 doctoris
741 1731 891 1791 officium?
931 1735 963 1790 in
992 1734 1133 1808 primis4

80 1825 160 1881 vitia
184 1821 210 1881 si
233 1838 293 1895 qua
315 1824 384 1880 sunt
407 1821 466 1879 oris
490 1821 633 1896 emendet,
656 1825 690 1879 ut
708 1839 845 1897 expressa
864 1823 924 1879 sint
943 1822 1041 1896 verba,
1064 1825 1098 1880 ut

81 1913 144 1970 suis
170 1929 304 1986 quaeque
327 1910 446 1967 litterae
469 1910 549 1968 sonis
572 1912 771 1969 enuntientur.
808 1911 995 1985 quarundam
1019 1913 1098 1968 enim

48 2002 130 2060 uvel
159 1999 294 2058 exilitate
322 1998 370 2057 vel
397 1999 607 2075 pinguitudine
630 2001 724 2058 nimia
747 2000 925 2071 laboramus,
954 2000 1096 2075 quasdam

80 2091 167 2149 velut
196 2089 323 2147 acriores
351 2107 457 2162 parum
485 2088 628 2148 efficimus
657 2093 686 2147 et
716 2089 783 2146 aliis
811 2107 870 2146 non
894 2088 1097 2162 dissimilibus,

81 2180 135 2239 sed
159 2179 248 2254 quasi
264 2177 465 2236 hebetioribus
483 2182 695 2252 permutamus
720 2179 830 2252 quippe
850 2180 880 2234 et
898 2177 952 2236 rho
971 2179 1097 2252 litterae,
1115 2192 1132 2247 5

82 2288 144 2344 qua
158 2266 372 2325 Demosthenes
392 2286 511 2341 quoque
530 2267 687 2342 laboravit,
705 2266 795 2325 labda
814 2266 953 2340 succedit,
972 2287 1098 2342 quarum

80 2359 128 2417 vis
157 2359 204 2414 est
232 2356 311 2431 apud
338 2373 392 2414 nos
419 2375 546 2430 quoque,
574 2359 604 2414 et
631 2375 698 2414 cum
726 2374 741 2413 c
769 2374 803 2414 ac
831 2356 969 2414 similiter
991 2376 1011 2432 g
1039 2375 1097 2414 non

48 2464 67 2506 rs
82 2447 272 2517 evaluerunt,
294 2446 325 2501 in
348 2449 362 2503 t
385 2463 421 2502 ac
444 2445 463 2503 d
485 2445 668 2503 molliuntur.
692 2465 728 2503 ne
752 2445 821 2502 illas
844 2445 963 2520 quidem
987 2447 1065 2503 circa
1084 2462 1133 2516 sq

81 2537 219 2595 litteram
242 2534 365 2592 delicias
388 2534 437 2593 hio
459 2536 603 2610 magister
625 2535 709 2607 feret,
732 2554 786 2593 nec
805 2535 921 2592 verba'
913 2554 944 2591 1n
964 2535 1098 2594 faucibus

82 2627 219 2727 patietur
256 2623 354 2680 audiri
390 2642 444 2681 neo
477 2626 536 2680 oris
568 2624 714 2682 inanitate
746 2642 884 2682 resonare
916 2642 982 2697 neo,
1019 2625 1098 2699 quod

81 2715 208 2772 minime
231 2713 360 2771 sermoni
381 2731 456 2788 puro
480 2715 644 2786 conveniat,
669 2714 832 2788 simplicem
856 2715 936 2771 vocis
959 2717 1099 2772 naturam

82 2804 219 2878 pleniore
233 2801 361 2877 quodam
376 2819 447 2859 sono
467 2802 667 2874 circumliniri,
686 2803 766 2877 quod
780 2801 885 2860 Graeci
899 2805 1098 2861 coronantes

48 2910 69 2953 ro
84 2889 176 2969 μένον
200 2890 316 2949 dicunt:
344 2891 386 2948 sic
410 2890 579 2964 appellatur
602 2894 706 2950 cantus
734 2891 886 2964 tibiarum,
910 2910 987 2966 quae
1013 2908 1129 2966 prae-7

84 2981 184 3054 clusis,
217 2979 324 3054 quibus
352 2979 526 3052 clarescunt,
559 2980 762 3053 foraminibus,
794 2982 875 3037 recto
903 2981 990 3039 modo
1019 2984 1099 3040 exitu

84 3071 256 3149 graviorem
283 3069 421 3143 spiritum
447 3069 583 3127 reddunt.
621 3070 736 3128 curabit
764 3069 864 3143 etiam,
891 3089 927 3128 ne
951 3074 1131 3141 extremaes

84 3158 220 3235 syllabae
248 3158 436 3231 intercidant,
463 3161 498 3215 ut
524 3177 581 3233 par
607 3159 665 3217 sibi
692 3178 787 3217 sermo
816 3160 864 3231 sit,
891 3163 933 3232 ut,
962 3160 1098 3234 quotiens

159 3317 192 3364 16
211 3309 306 3362 nimiis
326 3319 353 3362 Ρ
406 3314 439 3362 20
458 3309 631 3379 pinguedine
649 3320 742 3363 Psrh
797 3315 830 3362 24
849 3328 868 3379 g
886 3317 911 3364 ct
929 3317 963 3363 25
983 3314 1098 3367 ttruns-

83 3384 179 3451 posuit
197 3383 296 3435 Baiter
378 3385 411 3433 25
431 3382 579 3435 valuerunt
596 3386 668 3450 ΒΗ
686 3398 718 3434 ao
742 3381 932 3434 demoliuntur
950 3383 1014 3434 ⁸1³¹

86 3461 120 3507 26
138 3471 169 3521 sq
188 3453 220 3523 cf
240 3453 310 3520 th
329 3457 424 3518 441,7
508 3458 540 3504 27
560 3453 728 3506 inanitatem
753 3453 787 3506 Vt
858 3457 891 3504 29
912 3452 1099 3509 circumlinire

85 3535 173 3579 Affl’:
193 3541 255 3579 corr
279 3525 331 3592 Vt]
349 3523 541 3592 cataplasmon
560 3533 587 3576 Ρ
658 3529 693 3580 lb
717 3523 837 3598 centusi
850 3540 941 3579 sonus
962 3534 985 3576 n

131 3623 310 3668 anrrrnrms
325 3623 360 3661 ed.
375 3623 608 3669 Radermacher.
631 3630 652 3670 I.
949 3617 973 3669 b
