2460 3854
426 115 448 170 Ι.
476 121 617 183 e,a-1s.
654 122 777 184 4,1-4,
1070 119 1111 184 21

92 302 183 342 orum
211 287 331 344 exactor
358 285 515 344 adstiterit.
557 304 637 344 nunc
662 287 725 344 fere
751 288 941 366 neglegentia
968 277 1169 367 praesago-‚ra

92 391 204 451 gorum
234 374 277 431 sic
307 374 457 434 emendari
487 373 614 449 videtur,
644 377 679 433 ut
708 376 795 451 pueri
823 397 883 437 uon
912 378 1010 437 facere
1038 397 1114 455 quae

92 464 181 522 recta
202 464 274 521 suut
297 465 450 540 cogantur,
473 463 525 522 sed
548 483 678 523 curnon
696 465 821 524 fecerint
838 467 1009 542 puniantru.
1034 467 1115 527 deni-

95 571 154 627 que
180 569 248 610 oum
271 552 430 629 parvulum
448 552 620 612 verberibus
639 555 779 632 coegeris,
803 554 875 630 quid
892 556 994 614 iuveni
1012 556 1114 633 facias,

67 640 146 706 rcui
179 658 234 699 nec
266 640 402 700 adhiberi
433 643 535 718 potest
566 643 614 701 hic
643 645 741 702 metus
772 646 803 701 et
832 645 947 704 maiora
976 643 1117 704 discenda

95 727 188 788 sunt?
231 729 306 788 adde
333 730 413 806 quod
437 731 536 789 multa
566 731 779 807 vapulantibus
807 733 890 792 dictu
917 733 1062 793 deformia
1086 736 1116 793 et
1130 743 1169 798 lo

94 838 165 877 mox
188 819 384 879 verecundiae
406 819 510 878 futura
532 839 620 896 saepe
643 821 745 880 dolore
768 822 816 880 vel
834 825 917 881 metu
936 823 1116 896 accidenmt

95 908 150 984 qui
179 907 278 983 pudor
306 909 421 986 frangit
451 909 584 968 animum
614 912 645 968 et
673 909 767 969 abicit
797 913 888 986 atque
917 912 1011 986 ipsius
1040 913 1116 971 lucis

94 998 203 1076 fugam
235 999 266 1056 et
296 996 431 1056 taedium
463 998 565 1057 dictat.
608 998 669 1057 iam
705 1000 732 1059 si
768 1000 866 1060 minor
900 1003 933 1058 in
971 1001 1115 1078 eligendis
1129 1010 1165 1065 17

54 1111 81 1153 10
95 1085 255 1146 custodum
294 1089 325 1145 et
359 1090 587 1162 praeceptorum
625 1088 757 1147 moribus
796 1089 856 1148 fuit
895 1108 981 1166 cura,
1021 1091 1116 1166 pudet

95 1176 204 1251 dicere,
227 1174 260 1233 in
283 1193 359 1251 quae
381 1175 493 1250 probra
515 1177 638 1236 nefandi
659 1177 795 1237 homines
812 1179 872 1238 isto
891 1178 1033 1238 caedendi
1049 1181 1116 1238 iure

95 1265 271 1340 abutantur,
290 1283 381 1340 quam
400 1264 452 1323 det
469 1265 537 1325 aliis
556 1285 675 1342 quoque
691 1285 914 1343 nonnumquam
933 1269 1117 1327 occasionem

94 1355 145 1414 hic
168 1354 345 1414 miserorum
367 1356 472 1413 metus.
496 1374 555 1413 non
578 1356 717 1414 morabor
739 1359 771 1414 in
793 1360 879 1432 parte
897 1357 967 1416 hac:
990 1359 1116 1416 nimium

96 1447 142 1504 est
176 1442 258 1519 quod
288 1443 484 1521 intellegitur.
531 1463 622 1520 quare
654 1445 710 1503 hoc
742 1445 850 1505 dixisse
883 1448 956 1506 satis
989 1449 1047 1506 est:
1083 1446 1116 1504 in

54 1555 80 1597 ro
95 1533 228 1592 aetatem
269 1531 419 1591 infirmam
455 1535 485 1591 et
520 1535 648 1592 iniuriae
686 1534 844 1594 obnoxiam
880 1536 994 1594 nemini
1029 1535 1117 1594 debet

95 1624 225 1681 nimium
252 1621 348 1681 licere.
390 1640 470 1680 nunc
497 1623 605 1698 quibus
631 1623 832 1684 instituendus
863 1625 903 1683 sit
926 1623 1040 1684 artibus
1065 1625 1116 1701 qui
1131 1632 1170 1688 18

95 1712 139 1771 sic
168 1709 357 1785 formabitur,
384 1714 419 1770 ut
445 1710 511 1769 ficri
533 1712 628 1788 possit
651 1715 760 1789 orator,
789 1715 819 1772 et
842 1733 918 1789 quae
941 1715 973 1773 in
998 1733 1116 1790 quaque

96 1803 199 1860 aetate
221 1799 397 1874 incohanda‚
420 1800 519 1859 dicere
541 1801 701 1878 ingrediar.

438 1952 499 2024 [nu
518 1952 782 2025 cumulares]

54 2093 80 2131 sc
164 2066 217 2126 IV.
250 2066 369 2127 Primus
396 2069 429 2128 in
457 2086 501 2142 eo,
530 2070 582 2144 qui
609 2068 756 2128 scribendi
784 2070 963 2147 legendique
990 2068 1148 2144 adeptusl

96 2157 156 2216 erit
173 2157 359 2231 facultatem,
378 2158 582 2236 grammaticis
601 2159 647 2217 est
664 2159 756 2217 locus.
779 2177 833 2217 nec
846 2159 939 2217 refert
952 2159 988 2216 de
1003 2157 1117 2217 Graeco

95 2265 137 2305 an
165 2245 202 2304 de
229 2244 338 2305 Latino
365 2246 481 2322 loquar,
513 2259 696 2323 quamquam
720 2245 866 2306 Graecum
896 2266 958 2307 esse
987 2247 1117 2323 priorem

95 2336 211 2412 placet:
234 2337 354 2411 utrique
377 2335 480 2394 eadem
503 2338 554 2394 ria
577 2338 629 2394 est.
660 2336 734 2395 haec
756 2336 851 2413 igitur
872 2336 1027 2415 professio,
1049 2344 1149 2398 cumt

95 2423 271 2484 brevissime
298 2423 426 2483 induas
449 2425 545 2500 partis
569 2425 730 2500 dividatur,
757 2428 837 2485 recte
859 2425 1002 2502 loquendi
1024 2428 1116 2484 scicn-

55 2538 81 2578 15
95 2515 175 2572 tiam
206 2515 237 2572 et
267 2516 425 2588 poetarum
438 2525 443 2538 '
457 2514 685 2589 enarrationem,
716 2515 784 2590 plus
816 2514 907 2574 habet
937 2515 969 2573 in
1001 2534 1116 2574 recessu

96 2621 189 2678 quam
212 2602 310 2660 fronte
332 2602 491 2678 promittit.
533 2622 604 2661 nam
632 2607 663 2662 et
689 2603 836 2664 scribendi
858 2605 936 2663 ratio
960 2605 1150 2666 coniunctatt

96 2711 167 2751 cum
198 2691 347 2766 loquendo
382 2694 440 2766 est,
477 2695 507 2750 et
541 2695 744 2752 narrationem
778 2693 931 2769 praecedit
961 2695 1117 2752 emendata

95 2780 197 2855 lectio,
225 2789 255 2838 et
277 2781 405 2839 mixtum
427 2781 474 2840 his
498 2781 634 2841 omnibus
657 2782 802 2841 iudicium
826 2784 883 2842 est:
915 2802 973 2859 quo
997 2782 1118 2858 quidem

95 2871 142 2928 ita
175 2888 277 2929 severe
309 2873 380 2928 sunt
408 2871 455 2928 usi
485 2873 599 2930 veteres
630 2873 828 2948 grammatici,
861 2874 896 2931 ut
925 2891 985 2931 non
1014 2890 1117 2930 versus

55 2959 186 3022 eomodo
211 2959 344 3018 censoria
367 2959 497 3035 quadam
519 2959 639 3038 virgula
661 2965 765 3020 notare
790 2964 820 3020 et
841 2961 943 3034 libros,
966 2960 1019 3036 qui
1041 2961 1116 3020 falso

94 3048 270 3108 viderentur
292 3049 439 3124 inscripti,
465 3052 622 3125 tamquam
645 3050 780 3110 subditos
804 3051 978 3110 submovere
1000 3050 1117 3109 familia

95 3136 289 3213 permiserint
311 3136 378 3212 sibi,
400 3137 453 3196 sed
475 3141 613 3198 auctores
637 3139 712 3199 alios
735 3142 768 3199 in
787 3140 921 3199 ordinem
938 3138 1116 3218 redegerint,

95 3227 173 3287 alios
198 3227 317 3285 omnino
341 3227 504 3287 exemerint
525 3247 658 3288 numero.
700 3248 754 3288 nec
780 3232 885 3304 poetas
912 3229 1020 3304 legisse
1043 3229 1150 3291 satist

169 3437 186 3486 9
210 3431 369 3516 deligendis
387 3444 411 3486 A
489 3439 523 3486 10
542 3434 582 3504 et]
595 3433 648 3516 rel
665 3443 689 3485 A
767 3439 800 3487 21
825 3432 1008 3506 grammatici
1027 3443 1049 3483 A

95 3509 128 3558 ss
149 3503 284 3570 loquendr
302 3506 423 3577 Madm'q
445 3511 453 3575 J
477 3506 690 3561 enarrationem
709 3516 734 3560 Δ
