2460 3854
460 180 463 185 .
489 145 535 201 11.
556 151 697 214 1,1-11.
1034 147 1100 212 225

48 329 49 335 ¹
112 317 163 373 nota
180 316 240 374 iam
263 333 355 374 causa
378 318 432 374 est.
454 316 501 374 his
525 315 619 392 igitur
641 315 726 374 velut
740 315 889 390 fomentis,
912 316 1025 393 siquid
1043 316 1101 375 erit
1116 318 1154 373 10

48 409 49 440 ³
110 419 232 479 asperum,
255 404 509 480 praemolliemus,
532 423 591 480 quo
615 405 735 463 facilius
758 423 844 464 aures
867 405 1001 464 iudicum
1024 424 1100 482 quae

107 495 157 565 post
176 494 286 552 dicturi
314 493 424 552 erimus
454 493 625 568 admittant,
657 514 693 552 ne
723 494 770 552 ius
802 497 938 553 nostrum
970 495 1100 569 oderint,

59 586 62 595 '
105 582 161 640 nihil
192 585 272 642 enirn
304 583 392 642 facile
423 582 622 658 persuadetur
651 583 765 642 invitis.
799 603 858 659 qno
894 584 960 642 loco
992 584 1100 642 indicis
1116 585 1151 639 11

85 687 203 748 equoque
233 672 382 731 noscenda
414 674 523 731 natura
553 674 614 746 est,
649 673 710 730 iuri
738 674 834 750 magis
865 691 904 730 an
937 691 1031 747 aequo
1060 673 1100 731 sit

101 759 253 836 adpositus:
276 761 400 837 proinde
423 763 503 820 enim
525 763 622 838 magis
646 764 698 820 aut
721 762 819 820 minus
843 764 900 819 erit
922 761 978 820 hoc
1001 780 1100 820 neces-

98 867 206 908 sanum.

153 938 292 998 0010111111
314 957 360 998 res
385 939 488 998 eadem
515 943 545 997 et
572 943 641 1015 post
668 941 873 1014 quaestionem
901 941 1099 1015 perorationis

93 1029 148 1087 vice
178 1029 325 1105 iungitur.
357 1029 435 1086 hanc
471 1032 588 1104 partem
624 1025 807 1107 παρέκβασιν
837 1032 948 1087 vocant
985 1027 1152 1103 (11000112

65 1116 186 1176 rolatini
204 1135 387 1195 egressum
409 1118 458 1176 vel
481 1119 731 1194 egressionem.
756 1117 807 1176 sed
825 1119 881 1176 hae
901 1120 972 1176 sunt
989 1118 1099 1193 plures,

90 1210 120 1265 ut
141 1206 212 1282 dixi,
243 1223 320 1282 quae
342 1225 396 1281 per
417 1208 515 1265 totam
538 1222 658 1265 causam
685 1209 784 1266 varios
808 1207 918 1265 habent
950 1225 1100 1279 excursus,

89 1298 119 1354 ut
140 1297 206 1355 laus
230 1296 385 1354 hominum
407 1296 608 1371 locorumque,
630 1298 666 1354 ut
685 1294 844 1371 descriptio
863 1297 1026 1373 regionum,
1051 1316 1098 1354 ex-

87 1385 194 1459 positio
210 1383 399 1459 quarundam
412 1404 512 1442 rerum
525 1387 685 1462 gestarum,
694 1384 765 1443 licet
780 1387 872 1443 etiam
886 1385 1098 1443 fabulosarum.

88 1493 142 1550 qno
167 1493 202 1532 ex
226 1492 334 1551 genere
357 1476 401 1532 est
422 1475 456 1532 in
474 1474 658 1533 orationibus
674 1477 777 1532 contra
796 1474 919 1532 Verrem
937 1474 1099 1548 conpositis
1116 1472 1153 1527 13

55 1581 75 1622 11
89 1562 206 1622 Siciliae
221 1563 296 1636 laus,
319 1562 513 1638 Proserpinae
535 1566 649 1639 raptus,
672 1582 726 1639 pro
743 1562 772 1621 Ο.
793 1562 930 1621 Cornelio
945 1565 1099 1639 popularis

86 1652 138 1711 illa
160 1654 312 1712 virtutum
340 1651 392 1710 On.
420 1652 544 1727 Pompei
575 1654 829 1711 commemoratio:
860 1654 892 1710 in
925 1672 1015 1728 quam
1047 1652 1099 1710 ille

86 1741 202 1801 divinus
227 1744 336 1816 orator,
365 1742 459 1799 veluti
487 1742 605 1800 nomine
636 1743 701 1816 ipso
732 1741 815 1799 ducis
848 1760 949 1800 cursus
982 1741 1099 1800 dicendi

85 1833 244 1904 teneretur,
268 1829 395 1905 abrupto
418 1849 506 1906 quem
528 1830 722 1890 incohaverat
744 1849 877 1889 sermone
901 1830 1029 1888 devertit
1052 1849 1099 1888 ac-

86 1922 192 1979 tutum.
217 1915 396 1996 παρέκβασις
416 1922 469 1993 est,
488 1922 522 1977 ut
540 1939 607 1979 mea
626 1920 746 1995 quidem
766 1921 824 1977 fert
843 1919 954 1994 opinio,
973 1919 1099 1978 alicuius
1115 1916 1153 1971 14

49 2011 136 2083 11101,
168 2009 221 2067 sed
248 2007 287 2066 ad
309 2008 475 2066 utilitatem
498 2027 603 2067 causae
631 2009 817 2083 pertinentis,
850 2010 932 2066 extra
966 2007 1099 2066 ordinem

86 2115 241 2157 excurrens
269 2099 420 2156 tractatio.
452 2101 634 2174 quapropter
663 2116 722 2156 non
752 2097 847 2169 video,
881 2115 932 2154 our
963 2095 1042 2154 hunc
1072 2098 1099 2154 ei

85 2189 277 2263 potissimum
300 2185 399 2246 locum
422 2186 588 2265 adsignent,
613 2189 665 2262 qui
683 2206 783 2245 rerum
803 2185 936 2244 ordinem
955 2188 1099 2260 sequitur,

85 2296 142 2335 non
166 2278 263 2353 magis
287 2294 379 2351 quam
400 2275 485 2349 illud,
517 2295 569 2335 cur
591 2275 647 2334 hoc
670 2295 777 2334 nomen
809 2277 853 2332 ita
882 2274 1000 2333 demum
1031 2294 1098 2350 pro-

84 2367 184 2442 prium
206 2367 322 2440 putent,
346 2366 372 2424 si
395 2365 509 2440 aliquid
532 2366 564 2422 in
588 2365 723 2442 digressu
742 2367 782 2424 sit
796 2364 1009 2441 exponendum,
1032 2383 1099 2422 cum

48 2458 132 2516 11101
154 2454 251 2513 modis
275 2472 293 2512 a
316 2458 397 2512 recto
419 2456 527 2513 itincre
556 2455 684 2513 declinet
711 2454 816 2514 oratio.
849 2472 920 2511 nam
951 2453 1099 2529 quidquid
1115 2452 1152 2506 15

84 2544 195 2602 dicitur
217 2546 336 2619 praeter
358 2543 427 2602 illas
451 2545 581 2619 quinque
601 2562 676 2620 quas
695 2545 819 2602 fecimus
837 2546 946 2618 partes,
970 2544 1098 2620 egressio

83 2636 142 2693 est:
170 2632 348 2710 indignatio,
378 2634 539 2705 miseratio,
571 2633 695 2707 invidia,
728 2633 904 2706 convicium,
938 2632 1099 2704 excusatio,

84 2722 266 2795 conciliatio,
289 2721 517 2780 maledictorum
538 2723 689 2781 refutatio.
714 2722 824 2780 similia
851 2722 907 2795 his,
936 2739 1012 2796 quac
1039 2741 1097 2779 non

84 2813 155 2870 sunt
178 2811 210 2868 iu
234 2811 418 2885 quaestione,
441 2811 536 2870 omnis
561 2812 763 2888 amplificatio,
786 2811 923 2884 minutio,
943 2829 1028 2868 omne
1048 2810 1095 2867 ad-

48 2902 180 2963 1010011111
217 2917 323 2977 genus,
354 2903 384 2958 et
417 2919 493 2976 quae
534 2903 662 2960 maxime
697 2899 859 2960 iucundam
896 2902 925 2957 et
962 2901 1100 2957 ornatam

84 2991 201 3049 faciunt
223 2990 397 3065 orationem,
425 2989 460 3048 de
483 2992 610 3067 luxuria,
641 2991 676 3048 de
710 2992 847 3064 avaritia,
879 2988 914 3046 de
944 2989 1099 3066 religione,

157 3252 173 3300 3
192 3249 257 3316 poet
275 3247 398 3320 dicturi]¹
409 3247 580 3318 proposituri
594 3257 616 3299 Δ
689 3254 705 3300 4
725 3263 780 3315 quo
798 3248 860 3302 loco
875 3249 968 3300 tamen
986 3256 1041 3300 BP
1052 3247 1099 3300 ced

82 3322 115 3386 cf
136 3320 170 3373 Vt
234 3325 267 3373 12
286 3319 467 3386 locorumque
484 3328 539 3372 BP
561 3320 607 3372 Vt:
625 3317 750 3372 locorum
767 3328 790 3370 A
874 3325 905 3371 13
925 3318 993 3371 licet
1011 3317 1096 3370 etiarn

90 3393 138 3446 Vt:
156 3389 201 3444 vel
219 3389 303 3444 etiam
324 3391 397 3446 Coae.
416 3389 583 3444 utletitian
603 3389 758 3443 sedetiam
775 3400 830 3444 BP
902 3395 933 3441 17
952 3389 1029 3442 velut
1046 3398 1101 3442 BP

157 3466 334 3516 1911100010
351 3471 380 3515 B
473 3465 626 3514 nonomen
646 3477 688 3515 cm
708 3471 734 3514 B
812 3465 845 3514 29
864 3461 984 3513 minutio
1003 3461 1097 3532 omne]

83 3531 177 3588 omnis
195 3543 217 3585 Α
290 3537 325 3586 30
344 3536 373 3587 et
391 3546 464 3600 quae
483 3532 632 3605 Spalding:
651 3535 737 3606 etque
755 3548 793 3588 ea
807 3532 878 3589 libri

129 3628 311 3675 errrrrnrrrrvs
327 3633 361 3673 ed.
377 3633 610 3680 Radermacher.
624 3639 647 3681 L
928 3624 969 3674 ᾖ
