2438 3832
323 110 344 164 1.
363 109 591 179 peccamen,
613 115 727 166 rs-er.
753 117 875 178 1,1-2.
1093 113 1111 175 τ

89 279 173 354 labit,
197 278 324 338 docendi
340 279 429 357 ratio,
448 298 524 354 quae
541 298 603 339 non
622 298 724 339 eorum
742 279 830 340 modo
849 280 984 355 scientia,
1003 279 1110 355 quibus

89 370 160 428 solis
184 368 309 444 quidum
335 386 443 427 nomen
467 368 540 428 artis
563 368 718 442 dederunt,
745 370 894 429 studiosos
917 371 1048 428 instrum
1072 373 1110 445 et,

89 461 123 516 ut
155 458 200 517 sic
232 457 367 526 dixerim,
399 459 447 516 ius
478 459 580 534 ipsum
611 457 772 518 rhetorices
804 459 1027 534 interpretetur,
1059 458 1111 518 sed

89 547 167 606 alere
201 546 388 622 facundiam,
420 548 499 606 vires
531 566 640 624 augere
672 547 861 623 eloquentiae
890 549 994 622 possit.
1040 566 1111 606 nam
1125 548 1163 602 24
1178 533 1210 583 l*

65 637 265 711 aplerumqne
294 636 392 694 nudae
422 636 493 695 illae
524 638 604 695 artas
633 638 744 695 nimiae
772 636 951 696 subtilitatis
979 636 1110 696 adfecta·

88 727 169 784 tione
197 725 345 803 frangunt
372 727 463 801 atque
490 724 651 785 concidunt
678 725 825 801 quidquid
852 727 897 785 est
919 727 953 784 in
975 727 1110 785 oratione

88 816 271 891 generosius,
299 816 330 873 et
352 833 470 873 omnem
493 832 596 874 sucum
618 815 733 891 ingenii
755 814 863 873 bibunt
886 816 916 873 et
939 832 1007 874 ossa
1029 814 1110 873 dete-

88 905 172 980 grmt,
204 921 283 978 quae
312 905 347 961 ut
377 921 440 962 csse
470 905 501 962 et
531 903 678 981 adstringi
705 903 804 962 nervis
833 905 894 963 suis
922 903 1038 976 debent,
1068 905 1111 962 sic

88 1010 212 1067 corpore
232 991 394 1067 operienda
411 995 488 1051 sunt.
521 993 648 1068 ideoque
666 1011 720 1052 nos
738 1010 798 1051 non
816 992 998 1068 particulam
1016 993 1110 1066 illam,
1125 993 1163 1048 25
1181 984 1209 1033 sss

54 1100 77 1139 rc
89 1081 178 1140 sicuti
191 1081 337 1157 plerique,
356 1080 408 1138 sed
427 1080 575 1156 quidquid
587 1081 663 1140 utile
678 1081 716 1139 ad
729 1081 947 1140 instituendum
961 1084 1111 1141 oratorem

88 1170 279 1244 putabamus,
309 1172 341 1228 in
370 1170 424 1228 hos
454 1169 609 1228 duodecim
639 1170 731 1229 libros
762 1171 951 1243 contulimus,
981 1170 1111 1230 breviter

88 1259 189 1318 omnia
212 1257 458 1318 demonstraturi:
481 1277 552 1317 nam
575 1260 602 1317 si
625 1261 772 1333 quantum
795 1259 832 1317 de
856 1277 973 1334 quaque
997 1279 1030 1318 re
1051 1258 1111 1317 dici

88 1349 187 1422 potest
223 1365 454 1424 persequamur,
488 1347 557 1406 finis
594 1350 692 1424 operis
724 1368 784 1407 non
815 1349 988 1423 reperietur.
1034 1348 1111 1406 illud
1125 1349 1163 1404 26

88 1443 188 1495 tamen
207 1437 241 1496 in
259 1437 364 1512 primis
382 1437 553 1495 testandum
573 1440 627 1512 est,
645 1437 722 1495 nihil
740 1440 901 1512 praecepta
920 1440 1012 1512 atque
1031 1440 1110 1497 artes

57 1526 188 1584 scalere
200 1517 270 1585 'nisi
296 1525 457 1585 adiuvante
479 1529 596 1584 natura.
622 1529 805 1602 quapropter
824 1528 861 1601 ei,
885 1528 933 1585 cui
951 1527 1047 1586 deerit
1064 1528 1109 1585 in·

89 1617 218 1691 genium,
246 1633 307 1672 non
334 1616 430 1692 magis
457 1615 531 1675 haec
558 1617 672 1691 scripta
698 1617 768 1688 sint,
797 1634 888 1691 quam
911 1615 947 1674 de
970 1634 1109 1694 agrorum

89 1703 171 1763 cultu
194 1703 348 1764 sterilibus
371 1706 467 1763 terris.
504 1708 574 1763 sunt
599 1708 629 1763 et
653 1705 713 1764 alia
735 1706 871 1781 ingenita
895 1705 1002 1781 cuique
1026 1705 1109 1765 adiu-
1124 1705 1161 1760 27

89 1795 198 1867 menta,
230 1811 297 1866 vox,
329 1793 409 1852 latus
441 1795 559 1868 patiens
591 1794 712 1868 laboris,
748 1793 899 1868 valetudo,
932 1795 1109 1867 constantia,

90 1880 182 1941 decor.
207 1900 285 1956 quae
305 1882 331 1940 si
348 1883 467 1942 modica
485 1883 666 1960 obtigerunt,
684 1885 811 1957 possunt
828 1884 945 1942 ratione
960 1883 1109 1958 ampliari,

61 1970 139 2029 need
161 1988 389 2045 nonnumquam
407 1973 453 2029 ita
472 1970 586 2046 desunt,
609 1974 644 2030 ut
663 1972 741 2031 bona
760 1973 853 2030 etiam
870 1973 985 2048 ingenii
1003 1971 1108 2029 studii·

91 2078 145 2133 que
175 2062 381 2136 corrumpant:
412 2061 490 2119 sicut
519 2063 550 2119 et
576 2061 650 2119 haec
676 2063 743 2137 ipsa
771 2063 835 2120 sine
858 2061 978 2119 doctore
1002 2062 1108 2135 perito,

91 2149 187 2208 studio
215 2150 373 2225 pertinaci,
402 2150 550 2208 scribendi
576 2149 694 2226 legendi
722 2149 840 2208 dicendi
867 2150 963 2207 multa
987 2152 1017 2207 et
1040 2167 1107 2208 con-

90 2238 173 2297 tinua
196 2239 409 2297 exercitatione
432 2258 487 2315 per
508 2258 539 2299 se
562 2239 639 2297 nihil
661 2241 796 2314 prosunt.

92 2386 204 2460 [QUEM
213 2388 264 2443 AD
278 2388 415 2444 MODUM
428 2387 545 2442 PRIMA
559 2387 760 2443 ELEMENTA
774 2388 977 2443 TRADENDA
992 2388 1108 2461 SUNT]

63 2491 81 2532 ’ὃ
153 2487 177 2545 Ι.
208 2487 308 2564 Igitur
330 2489 402 2545 nato
425 2486 487 2544 filio
510 2490 597 2562 pater
620 2505 704 2563 spem
727 2487 763 2544 de
787 2487 840 2546 illo
862 2489 994 2563 primum
1018 2506 1108 2563 quam

92 2576 234 2651 optimam
252 2577 366 2652 capiat:
384 2575 430 2634 ita
448 2575 621 2653 diligentior
638 2594 657 2634 a
675 2576 831 2652 principiis
848 2576 908 2634 fiet.
932 2577 1010 2636 falsa
1029 2577 1109 2634 enim

91 2669 133 2724 est
154 2665 298 2740 querella,
328 2665 515 2740 paucissimis
545 2664 715 2724 hominibus
738 2667 800 2724 vim
823 2665 1008 2742 percipiendi
1031 2684 1108 2741 quae

92 2753 249 2812 tradantur
271 2771 334 2812 esse
358 2771 535 2828 concessam,
558 2754 717 2829 plerosque
739 2772 809 2813 vero
828 2754 961 2813 laborem
979 2772 1014 2814 ac
1032 2756 1108 2812 tem·

92 2861 162 2915 pora
183 2842 329 2901 tarditate
352 2842 467 2921 ingenii
489 2842 620 2919 perdere.
643 2861 715 2901 nam
733 2846 838 2902 contra
855 2844 957 2918 plures
975 2844 1107 2918 reperias

62 2938 81 2977 ³⁰
92 2934 120 2989 et
136 2931 240 2991 faciles
258 2933 292 2990 in
310 2931 506 3010 excogitando
524 2934 556 2990 et
570 2932 609 2990 ad
622 2931 795 2990 discendum
809 2934 971 3007 promptos.
997 2931 1107 3008 quippe

91 3018 120 3077 id
142 3023 187 3081 est
209 3020 325 3079 homini
347 3021 494 3095 naturale,
517 3039 552 3080 ac
571 3021 649 3079 siout
668 3039 737 3079 aves
756 3020 795 3079 ad
814 3021 957 3094 volatum,
981 3023 1051 3096 equi
1069 3020 1108 3078 ad

92 3126 215 3183 cursum,
245 3108 285 3167 ad
314 3109 472 3169 saevitiam
501 3109 583 3169 ferae
606 3110 779 3186 gignuntur,
808 3111 854 3168 ita
877 3110 961 3168 nobis
984 3110 1107 3186 propria

91 3200 134 3256 ost
168 3198 278 3258 mentis
314 3200 444 3276 agitatio
477 3200 567 3274 atque
599 3197 748 3272 sollertia,
785 3198 864 3256 unde
897 3200 980 3275 origo
1013 3198 1107 3255 animi

91 3287 225 3347 caelestis
257 3287 396 3346 creditur.
442 3287 561 3346 hebetes
592 3305 661 3345 vero
692 3291 722 3345 et
751 3286 893 3345 indociles
923 3304 983 3343 non
1011 3286 1144 3362 magist

61 3376 251 3435 seeundum
272 3379 413 3435 naturam
435 3376 564 3435 hominis
589 3375 717 3433 eduntur
740 3395 830 3452 quem
853 3373 1029 3450 prodigiosa.
1045 3393 1106 3432 cor-

161 3508 297 3562 tnimlae
313 3519 350 3562 A:
371 3510 462 3564 nimia
480 3511 534 3565 rell
