2438 3832
115 132 181 197 286
439 130 667 196 QVINTILIANI
682 131 723 186 ΙΝ
725 131 775 186 ST.
794 131 851 187 ΟΒ..

115 301 204 358 illum
227 304 333 377 aptum
355 300 403 359 vel
425 300 553 360 militiae
575 302 624 361 vel
645 302 827 378 palaestrae,
855 301 984 360 aliorum
1014 320 1134 378 quoque

116 389 260 447 iuvenum
290 389 465 448 bellicorum
497 393 528 448 et
560 391 742 450 athletarum
777 409 902 464 corpora
929 389 1037 449 decora
1065 409 1133 450 vere

118 480 377 537 existimaverunt:
399 497 463 551 nos,
486 481 539 554 qui
558 482 706 538 oratorem
724 478 876 538 studemus
900 478 1049 557 effingere,
1073 499 1133 538 non

63 566 102 621 22
118 586 210 642 arma,
247 568 297 626 sed
328 571 474 643 tympana
504 570 690 644 eloquentiae
721 565 844 626 demus?
886 567 980 645 igitur
1010 571 1041 627 et
1070 569 1132 642 ille,

117 676 205 733 quem
228 657 422 731 instituimus,
446 656 626 731 adulescens,
654 675 745 733 qnam
767 658 894 714 maxime
917 660 1025 732 potest,
1055 676 1133 716 com·
1159 676 1171 716 s

116 748 212 822 ponat
234 763 265 804 se
289 745 327 805 ad
349 745 550 804 imitationem
573 747 718 819 veritatis,
744 746 933 821 initmusqne
960 746 1134 821 frequenter

116 834 280 894 forensium
306 836 501 892 certaminum
533 853 667 912 pugnam
696 836 757 893 iam
784 836 817 892 in
844 834 946 893 schola
973 837 1134 894 victoriam

117 926 231 999 spectet
253 927 283 981 et
306 924 394 982 ferire
420 923 528 982 vitalia
558 942 593 982 ac
622 925 702 981 tueri
724 925 808 996 sciat,
839 927 869 982 et
896 927 1075 1000 praeceptor
1101 923 1134 981 id

116 1012 244 1071 maxime
269 1013 378 1089 exigat,
406 1014 562 1071 inventum
590 1014 751 1087 praecipue
780 1004 893 1088 probet.
923 1030 995 1070 nam
1027 1015 1062 1070 ut
1095 1011 1133 1069 ad

117 1103 220 1177 peiora
243 1103 363 1160 iuvenes
386 1100 474 1159 laude
497 1101 657 1175 ducuntur,
680 1102 725 1158 ita
747 1100 866 1159 laudati
891 1101 924 1158 in
952 1101 1039 1160 bonis
1070 1120 1132 1159 ma·
1147 1121 1171 1160 rc

65 1189 104 1244 23
117 1194 198 1248 nent.
221 1209 300 1248 nunc
321 1189 399 1248 illud
422 1189 495 1247 mali
518 1193 572 1264 est,
600 1189 680 1264 quod
703 1189 868 1248 necessaria
890 1189 1066 1265 plerumque
1096 1191 1133 1248 si·

116 1279 209 1337 lentio
232 1282 389 1338 transeunt
411 1297 465 1337 nec
482 1280 514 1336 in
533 1278 658 1338 dicendo
676 1278 794 1338 videtur
811 1279 891 1336 inter
907 1277 986 1336 bona
1005 1279 1133 1337 utilitas.

118 1367 170 1426 sed
192 1367 265 1426 haec
288 1371 318 1426 et
340 1369 372 1425 in
396 1367 455 1426 alio
479 1367 564 1426 nobis
587 1371 718 1426 tractata
746 1370 815 1426 sunt
842 1385 931 1442 opere
960 1371 990 1426 et
1017 1367 1051 1425 in
1078 1367 1135 1426 hcc

117 1475 205 1531 saepe
228 1456 403 1532 repetenda:
425 1476 504 1515 nnnc
527 1457 565 1516 ad
589 1456 721 1516 ordinem
743 1456 903 1531 inceptum.

439 1608 500 1679 [Du
519 1605 800 1678 Resusaslonsq
1148 1635 1171 1675 15

86 1724 100 1778 l
187 1723 270 1781 XHl.
293 1724 447 1782 Refrrtatio
471 1723 630 1800 dupliciter
648 1725 745 1797 accipi
767 1726 878 1798 potest:
908 1741 978 1780 nam
1006 1724 1037 1780 et
1062 1740 1134 1798 pars

119 1812 283 1871 defensoris
305 1816 372 1872 tota
398 1815 443 1870 est
468 1814 569 1888 posita
595 1815 627 1870 in
654 1812 848 1885 refutatione,
884 1814 915 1870 et
947 1829 1023 1886 qnae
1052 1811 1135 1869 dicta

120 1904 190 1960 sunt
213 1920 248 1958 ex
271 1902 397 1974 diverso,
420 1901 528 1960 debent
550 1904 701 1976 utrimque
725 1900 856 1960 dissolvi.
880 1903 911 1959 et
928 1900 984 1958 hoc
1003 1902 1048 1958 est
1066 1918 1134 1975 pro·

119 1991 193 2067 prio,
216 1991 265 2048 oui
287 1992 319 2048 in
343 1991 439 2049 causis
463 1993 587 2066 quartus
611 1990 788 2067 adsignatur
814 1990 912 2063 locus,
940 1988 991 2047 sed
1018 1990 1134 2048 utrius-

120 2099 176 2155 que
200 2079 305 2138 similis
329 2079 462 2138 condicio
492 2081 544 2138 est.
573 2098 668 2154 neque
695 2098 764 2138 vero
793 2098 828 2136 ex
856 2078 924 2136 aliis
951 2077 1026 2136 locis
1053 2078 1133 2136 ratio
1148 2096 1171 2136 so

120 2171 363 2245 argumentorum
386 2167 418 2225 in
441 2168 497 2226 hac
519 2170 605 2243 parte
633 2169 697 2244 peti
724 2170 822 2243 potest
850 2185 941 2243 quam
967 2166 1000 2223 in
1027 2166 1133 2225 confir-

119 2259 259 2330 matione,
283 2275 336 2316 nec
358 2257 491 2315 locorum
514 2260 566 2315 aut
594 2257 808 2316 sententiarum
836 2258 889 2316 aut
915 2253 1077 2314 verborum
1105 2258 1135 2313 et

83 2347 101 2400 2
120 2345 283 2424 figurarum
307 2347 368 2404 alia
391 2346 524 2405 condicio
548 2348 601 2404 est.
626 2345 759 2404 adfectus
778 2345 952 2420 plerumque
969 2343 1043 2402 haec
1061 2363 1134 2419 pars

118 2437 253 2494 mitiores
275 2435 374 2493 habet.

186 2525 255 2583 Non
278 2527 341 2583 sine
365 2542 455 2583 causa
476 2525 578 2582 tamen
602 2522 753 2581 difficilius
776 2540 893 2596 semper
914 2523 959 2580 est
978 2521 1134 2596 creditum,
1148 2540 1171 2580 ss

120 2613 200 2688 qnod
225 2611 326 2673 Cicero
350 2632 437 2688 saepe
455 2614 593 2686 testatur,
617 2611 772 2670 defendere
792 2629 882 2686 quam
900 2627 1049 2669 accusare.
1071 2613 1134 2687 pri·

120 2722 210 2774 mum,
234 2703 314 2777 quod
337 2705 382 2761 est
403 2720 450 2761 res
472 2703 527 2760 illa
557 2701 734 2777 simplicior:
761 2701 939 2775 proponitur
966 2700 1045 2758 enim
1072 2719 1133 2758 uno

120 2789 217 2864 modo,
241 2790 415 2851 dissolvitur
436 2792 529 2865 varie,
552 2810 620 2849 cum
642 2791 811 2848 accusatori
833 2789 907 2847 satis
935 2790 976 2847 sit
1003 2789 1133 2863 plerum-

121 2897 179 2952 que
202 2897 304 2936 verum
328 2899 389 2940 esse
407 2880 448 2955 id,
472 2880 552 2956 quod
575 2878 722 2952 obiecerit,
744 2880 889 2954 patronus
912 2879 1008 2955 neget,
1032 2877 1134 2936 defen-

120 2966 181 3039 dat,
205 2968 374 3044 transferat,
398 2972 525 3044 excuset,
548 2969 729 3044 deprecetur,
752 2967 878 3040 molliat,
901 2968 1026 3040 minuat,
1050 2985 1133 3026 aver·
1147 2985 1171 3025 sc

119 3059 175 3129 tat,
198 3055 352 3130 despiciat,
375 3057 515 3117 derideat.
539 3076 630 3133 quare
653 3056 722 3115 inde
741 3060 822 3115 recta
841 3057 901 3114 fere
916 3059 1014 3132 atque,
1036 3059 1072 3114 ut
1091 3057 1134 3114 sic

121 3145 255 3218 dixerim,
280 3144 409 3204 clamosa
432 3154 477 3204 est
500 3147 591 3206 actio:
614 3146 684 3204 hinc
706 3145 788 3204 mille
810 3144 904 3203 flexus
927 3149 957 3203 et
979 3146 1059 3205 artes
1083 3144 1133 3202 de-

194 3373 210 3421 2
228 3367 424 3422 bellicosorum
443 3366 480 3419 Α*
552 3374 567 3420 3
588 3368 863 3422 existimaveruntl’:
882 3364 1070 3420 existimarint
1083 3375 1137 3419 AB

192 3443 227 3492 10
246 3438 409 3493 laudati-
427 3440 544 3492 manent
562 3441 706 3494 Kiderlin:
724 3439 835 3493 laudari
854 3470 888 3478 -
907 3436 1026 3491 mallent

107 3512 243 3568 27cn1'm
263 3531 308 3570 om
328 3522 349 3568 Δ
