2460 3854
371 215 375 218 ι
438 122 483 179 ,11
504 130 546 191 15,
566 129 661 180 6-18.
1015 126 1077 191 105

63 292 207 352 orationis
239 295 370 368 primum
400 295 431 352 et
466 313 555 369 super
585 296 685 354 omnia
715 313 778 354 esse
810 289 999 370 ‘persuadere
1032 296 1077 354 iu·

62 382 121 440 dici
155 384 186 440 et
216 382 396 442 sententiam
428 384 490 442 eius
518 383 624 442 ducere
651 385 684 442 in
710 384 742 442 id
770 384 849 459 quod
879 379 973 443 velit'.
1006 404 1077 443 nam

62 473 92 529 et
125 471 191 546 ipse
224 474 373 530 oratorem
403 472 543 531 fortunae
575 473 696 546 subicit,
727 475 771 547 ut,
803 475 830 532 si
860 493 920 532 non
955 493 1076 550 persua·

62 559 143 633 serit,
166 579 275 620 nomen
298 579 386 620 suum
407 564 536 620 retinere
555 580 613 621 uon
627 563 733 637 possit.
756 563 879 637 quidem
891 567 1077 623 recesserunt
1092 563 1131 616 13

62 647 98 707 ab
123 652 242 723 eventu,
265 651 343 709 sicut
369 650 546 709 Aristoteles
579 651 665 709 dicit:
699 647 857 711 ‘rhetorice
885 655 931 711 est
958 655 1003 712 110
1030 654 1075 711 in·

61 738 200 799 veniendi
241 740 342 797 omnia
381 739 414 797 in
455 740 589 799 oratione
630 735 861 816 persuasibilia'.
916 742 968 816 qui
1008 741 1076 801 finis

62 831 91 885 et
113 827 191 887 illud
213 829 330 901 vitium,
354 828 390 887 de
413 848 472 904 qno
495 849 587 904 supra
609 829 748 904 diximus
770 830 868 903 habet,
893 834 924 889 et
944 833 1075 906 insuper,

62 917 141 992 quod
168 916 245 975 nihil
272 917 330 978 nisi
353 917 556 978 inventionem
585 919 791 994 conplectitur,
820 938 897 994 quae
924 920 988 978 sine
1016 921 1076 978 010-

62 1008 178 1064 cutione
201 1024 261 1064 non
286 1009 331 1066 est
353 1009 458 1066 oratic.
482 1007 694 1084 Hermagorae,
724 1010 778 1083 qui
804 1007 893 1067 finem
921 1011 984 1068 eius
1012 1027 1075 1068 esse
1091 1006 1129 1061 14

61 1097 104 1154 011
142 1089 390 1170 ‘persuasibiliter
426 1092 543 1170 (11001οῗ,
582 1099 613 1156 01
653 1098 732 1170 aliis,
762 1099 815 1172 qni
851 1098 973 1156 eandem
1011 1116 1075 1156 sen-

59 1186 197 1258 tentiam,
220 1202 281 1243 non
303 1185 398 1244 isdem
420 1189 539 1245 tantum
562 1187 659 1245 verbis
683 1188 834 1262 explicant
856 1205 891 1246 00
904 1187 995 1245 finem
1013 1206 1076 1247 esse

60 1273 276 1348 demonstrant,
328 1269 436 1334 ‘dicere
480 1294 556 1350 quae
601 1278 739 1350 oporteat
783 1278 884 1334 omnia
929 1276 967 1334 ad
1009 1296 1076 1352 per·

60 1357 267 1436 suadendum',
303 1365 375 1422 satis
411 1382 585 1438 responsum
616 1367 670 1440 est,
706 1383 774 1422 cum
805 1365 983 1440 persuadere
1015 1385 1076 1424 non

60 1454 179 1510 tautum
199 1453 327 1512 oratoris
346 1471 409 1512 esse
428 1453 618 1514 convicimus.
633 1453 736 1512 addita
755 1457 826 1512 sunt
843 1455 891 1513 his
910 1456 970 1512 alia
984 1456 1074 1513 varie.

60 1541 183 1615 quidam
207 1541 288 1601 enim
310 1543 389 1601 circa
411 1561 459 1601 res
482 1561 592 1617 omneS,
617 1543 739 1617 quidam
763 1544 842 1603 01100
865 1544 967 1603 civiles
986 1544 1075 1604 modo
1091 1542 1129 1597 15

59 1631 174 1688 versari
195 1631 364 1690 rhetoricen
390 1633 587 1707 putaverunt:
615 1651 742 1708 quorum
768 1635 867 1691 verius
897 1636 998 1692 utrum
1026 1635 1075 1708 sit,

58 1720 90 1778 in
118 1737 154 1778 eo
181 1719 257 1792 loco,
291 1722 344 1794 qui
375 1720 464 1780 huius
497 1721 680 1796 quaestionis
712 1723 850 1796 proprius
883 1725 936 1796 est,
969 1722 1074 1780 dicam.

58 1810 160 1868 omnia
179 1807 339 1869 subiecisse
358 1811 471 1868 oratori
484 1810 604 1869 videtur
621 1810 890 1891 Α1101010100,00111
909 1812 986 1870 dixit
1001 1807 1074 1871 ‘vim
1090 1810 1130 1864 16

58 1915 133 1958 esse,
167 1897 303 1972 videndi,
349 1899 421 1973 quid
462 1900 495 1957 in
532 1917 650 1973 quaque
690 1919 722 1957 10
765 1901 862 1974 possit
902 1919 965 1960 esse
1011 1920 1076 1975 per·

59 1981 223 2060 suasibile',
254 1989 286 2047 et
313 1986 465 2062 Iatrocles,
495 1990 547 2063 qui
576 2007 637 2046 non
660 1989 780 2064 quidem
803 1989 897 2048 adicit
930 1984 973 2047 ‘in
1003 2007 1076 2065 qua·
1127 2034 1130 2040 .

58 2094 116 2149 que
143 2069 199 2149 re',
225 2076 276 2136 sed
304 2076 380 2135 nihil
408 2077 580 2152 excipiendo
602 2077 682 2135 idem
710 2078 848 2136 ostendit.
887 2073 970 2136 ‘vim'
996 2081 1075 2136 enim

57 2167 149 2223 vocat
181 2160 365 2225 ‘inveniendi
405 2166 485 2242 quod
525 2168 565 2225 sit
605 2169 637 2225 in
678 2167 813 2226 oratione
854 2162 1075 2242 persuasibile':

58 2255 111 2327 qui
134 2252 208 2313 fines
232 2256 263 2314 01
288 2256 349 2329 ipsi
371 2256 467 2314 solam
497 2256 726 2330 conplectuntur
752 2256 962 2314 inventionem.
995 2256 1077 2332 quod

57 2344 167 2402 vitium
198 2343 318 2419 fugiens
345 2344 484 2405 Eudorus
513 2340 597 2403 ‘vim'
626 2348 715 2421 putat
738 2340 921 2404 ‘inveniendi
953 2348 983 2404 et
1015 2347 1075 2404 elo-

58 2431 170 2506 quendi
199 2440 275 2492 'cum
311 2436 419 2491 ornatu
455 2434 609 2493 credibilia
645 2435 676 2492 in
713 2435 795 2493 omni
831 2429 987 2493 oratione'.
1024 2435 1075 2494 sed
1090 2432 1127 2486 17

57 2538 126 2578 cum
163 2521 267 2581 eodem
303 2522 391 2581 modo
433 2522 595 2596 credibilia,
633 2543 691 2597 quo
725 2523 945 2599 persuasibilia,
983 2527 1074 2583 etiam
1129 2539 1132 2572 ῑ

56 2630 117 2669 non
142 2613 244 2670 orator
272 2612 416 2686 inveniat,
447 2611 601 2673 adiciendo
632 2608 675 2669 ‘iu
698 2613 780 2673 omni
803 2608 949 2671 oratione'
977 2615 1074 2690 magis

57 2718 150 2774 quam
174 2699 343 2775 superiores
366 2701 502 2761 concedit
524 2703 636 2760 0001010
659 2720 776 2776 quoqne
800 2702 993 2761 suadentibus
1007 2703 1074 2779 pul-

57 2788 224 2847 cherrimae
245 2789 292 2848 rei
313 2809 430 2848 nomen.
455 2789 581 2867 Gorgias
605 2790 687 2866 apud
705 2791 862 2850 Platonem
881 2792 1024 2851 suadendi
1043 2787 1128 2850 0018

56 2877 203 2936 artificem
221 2878 253 2936 in
276 2879 395 2939 iudiciis
419 2883 449 2940 et
478 2881 546 2938 aliis
578 2879 710 2938 coetibus
743 2899 806 2939 esse
836 2883 890 2954 ait,
921 2882 957 2939 de
986 2883 1074 2941 iustis

129 3100 587 3172 enhot.1‚a-aep45413
698 3098 700 3104 '

130 3299 194 3350 301
212 3296 307 3367 ipsum
324 3308 348 3350 Α
456 3298 664 3370 5inveniendi]
691 3303 835 3368 θεωρῆσαι
855 3302 1013 3354 Aristoteles
1031 3302 1074 3354 c'e

55 3369 187 3422 intuendi
262 3375 293 3422 11
313 3371 437 3441 tantum]
456 3373 551 3424 tamen
566 3379 594 3423 Ρ
660 3378 693 3424 19
712 3372 826 3424 videndi
841 3382 876 3424 A:
897 3372 1008 3424 dicendi
1022 3379 1077 3424 BP

130 3445 165 3495 20
182 3440 326 3495 Patrocles
344 3451 396 3495 ΑΡ
411 3441 542 3497 Iatrocles
561 3451 589 3495 B
605 3443 637 3508 cf
651 3442 689 3495 ΙΠ
705 3449 730 3510 6,
750 3450 784 3496 44
858 3449 892 3497 24
911 3443 1074 3496 Theodorus

55 3520 116 3566 AN
128 3511 269 3566 Diodorus
286 3513 403 3584 space
