2438 3832
98 127 164 192 246
400 127 626 194 QVINTILIANI
644 127 735 182 INST.
755 125 810 181 OR.

98 297 196 356 laudis
220 298 329 356 falsam
351 299 513 373 imaginem
541 295 744 372 persecuntur,
771 298 845 371 ipsa,
875 298 1115 371 propterquam

63 385 218 460 adicitur,
242 388 369 445 victoria
393 385 508 444 cedunt.
532 389 619 461 atqui
640 389 747 459 cetera,
771 403 846 461 quae
860 386 1003 450 continuo
1017 388 1115 462 magis

99 477 242 534 orationis
265 478 365 534 tractu
388 474 557 550 decurrunt,
580 477 613 533 in
632 475 777 533 auxilium
795 476 886 550 atque
905 475 1116 536 ornamentum

99 566 341 641 argumentorum
365 567 565 638 conparantur
592 566 749 638 nervisque
779 563 849 637 iilis,
881 563 989 638 quibus
1023 581 1116 628 causa

98 655 276 726 continetur,
299 652 433 712 adiciunt
455 652 572 712 inducti
594 672 683 728 super
705 654 837 728 corporis
860 653 1003 726 speciem:
1027 655 1070 725 ut,
1090 655 1116 711 si
1147 670 1163 707 a

98 743 175 801 forte
205 742 276 818 quid
303 743 417 800 factum
443 743 490 800 ira
521 741 569 800 vel
597 744 679 800 metu
710 742 759 802 vel
790 741 955 816 cupiditate
988 740 1116 815 dicabit,

97 832 190 890 latius
222 849 298 907 qnae
328 833 470 906 cuiusque
508 830 640 890 adfectus
677 833 786 891 natura
817 831 858 891 sit
888 847 1115 904 prosequamur.

98 920 192 978 isdem
210 919 377 993 laudamus,
400 920 579 992 incusamus,
604 938 754 997 augemus,
777 920 950 992 minuimus,
973 918 1116 978 describi-

63 1016 175 1081 Bmus‚
212 1008 400 1082 deterremus,
438 1010 598 1085 querimur,
631 1008 826 1081 consolamur,
862 1007 1026 1066 hortamur.
1064 1008 1116 1071 scd

98 1097 206 1156 horum
229 1115 290 1156 esse
314 1116 405 1172 opera
426 1099 459 1155 in
481 1097 569 1157 rebus
591 1100 644 1155 aut
663 1097 760 1170 certis,
784 1100 836 1155 aut
854 1095 1013 1170 dequibus
1033 1099 1111 1156 tarn-
1126 1117 1161 1156 ω

100 1205 190 1262 quam
213 1188 302 1244 certis
325 1186 485 1262 loquimur,
514 1188 622 1261 potest.
645 1205 699 1244 nec
723 1185 878 1243 abnuerim
908 1203 971 1244 esse
998 1185 1116 1261 aliquid

98 1277 131 1333 in
154 1275 360 1348 delectatione,
390 1275 519 1333 multum
541 1276 667 1334 veroin
690 1274 909 1333 commovendis
933 1273 1115 1334 adfectibus:

100 1364 151 1422 sed
173 1365 247 1423 haec
269 1366 336 1439 ipsa
358 1364 425 1438 plus
449 1364 560 1440 valent,
590 1382 658 1422 cum
681 1382 711 1422 se
735 1363 873 1423 didicisse
890 1362 989 1420 iudex
1018 1366 1116 1438 putat,

99 1453 178 1528 quod
197 1455 339 1527 consequi
357 1454 416 1511 nisi
430 1455 690 1530 argumentatione
710 1452 829 1528 aliaque
843 1453 925 1510 omni
942 1450 1000 1510 fide
1015 1472 1115 1511 rerum

99 1560 159 1600 non
182 1559 347 1617 possumus.
1129 1557 1151 1599 15

63 1637 83 1692 4
169 1629 300 1698 Quorum
331 1630 506 1705 priusquam
541 1630 657 1705 partior
688 1632 813 1705 speciae,
843 1629 1039 1688 indicandum
1071 1632 1117 1694 est

100 1736 162 1778 esse
194 1717 341 1794 quaedam
369 1720 402 1775 in
434 1720 514 1776 omni
544 1718 755 1794 probationum
792 1737 897 1796 genere
935 1722 1115 1778 communia.

100 1826 170 1866 narn
193 1826 288 1883 neque
311 1807 375 1865 ulla
398 1809 534 1883 quaestio
558 1811 611 1881 est,
635 1826 710 1883 quae
734 1809 856 1867 nonsit
880 1811 932 1866 aut
955 1809 988 1864 in
1011 1828 1044 1867 re
1064 1812 1116 1866 aut

99 1899 133 1954 in
155 1914 289 1972 persona,
313 1915 408 1970 neque
432 1915 494 1955 esso
518 1898 762 1974 argumentorum
784 1897 843 1955 loci
861 1899 986 1971 possunt
1005 1898 1066 1956 nisi
1084 1900 1116 1954 in

64 1985 147 2058 tiis,
172 2004 247 2060 quae
269 1984 357 2043 rebus
382 1987 434 2043 aut
456 1986 589 2061 personis
618 1985 769 2059 accidunt,
801 2003 894 2060 eaque
922 1988 975 2043 aut
1003 2004 1057 2060 per
1085 2005 1115 2046 so
1130 2004 1151 2043 ro

53 2086 55 2089 “
99 2074 207 2150 inspici
230 2075 327 2134 solent
350 2078 403 2132 aut
426 2074 464 2131 ad
488 2074 570 2140 aliud
592 2074 705 2148 referri,
727 2093 823 2148 neque
845 2073 908 2133 ulla
927 2073 1116 2135 confirmatio

100 2164 158 2222 nisi
181 2167 234 2222 aut
257 2183 291 2221 ex
315 2163 561 2238 consequentibus
593 2165 646 2220 aut
674 2182 709 2221 ex
739 2161 950 2239 pugnantibus,
981 2165 1012 2221 et
1042 2164 1116 2223 haec

100 2271 218 2311 necesse
242 2254 287 2311 est
310 2256 362 2311 aut
385 2271 419 2310 ex
447 2253 609 2327 praeterito
639 2255 772 2325 tempore
805 2254 858 2309 aut
888 2269 923 2309 ex
955 2255 1116 2312 coniuncto

101 2344 154 2399 aut
177 2361 212 2399 ex
234 2342 371 2416 sequenti
392 2343 501 2416 petere,
531 2358 586 2398 nec
608 2340 672 2398 ulla
693 2359 740 2398 res
764 2340 885 2415 probari
907 2341 967 2398 nisi
993 2358 1030 2398 ex
1055 2341 1117 2400 alia

100 2432 315 2505 potestasque
344 2431 383 2488 sit
411 2432 528 2504 oportet
556 2432 609 2487 aut
638 2428 733 2487 maior
761 2432 813 2487 aut
840 2447 896 2503 par
923 2431 977 2486 aut
1008 2432 1155 2489 minores

65 2522 281 2596 dargumenta
307 2537 377 2577 vero
407 2520 595 2594 reperiuntur
627 2520 679 2576 aut
710 2519 742 2575 in
772 2517 1005 2592 quaestionibus,
1039 2538 1118 2595 quae
1148 2554 1151 2560 ·

102 2609 194 2666 etiarn
218 2611 373 2684 separatae
396 2627 414 2665 a
438 2607 593 2682 complexu
615 2626 716 2664 rerum
748 2625 1000 2682 personarumque
1035 2627 1118 2683 spec·

101 2697 161 2753 tari
187 2715 240 2770 per
268 2715 298 2755 se
325 2698 457 2771 possint,
488 2700 540 2753 aut
571 2697 603 2753 in
635 2697 701 2770 ipsa
733 2713 831 2768 causa,
864 2713 931 2753 curn
962 2697 1137 2755 invenitur

102 2783 216 2859 aliquid
238 2786 271 2842 in
294 2804 330 2842 ea
352 2781 412 2843 rion
435 2805 469 2844 ex
493 2786 642 2844 communi
663 2785 780 2843 ratione
810 2784 941 2858 ductum,
972 2785 1024 2844 sed
1052 2787 1118 2848 eius

101 2872 213 2945 iudicii,
237 2873 272 2931 de
296 2893 353 2948 quo
377 2874 573 2949 cognoscitur,
602 2873 764 2948 proprium.
792 2873 1003 2948 probationum
1031 2893 1118 2950 prae-
1132 2895 1157 2934 ro

101 2964 183 3019 terea
206 2963 339 3018 omnium
358 2962 434 3020 aliae
458 2965 527 3021 sunt
541 2963 732 3036 necessariae,
756 2962 833 3020 aliae
848 2960 1013 3036 credibiles,
1037 2964 1117 3023 aliae

68 3060 82 3112 7
103 3069 162 3108 non
186 3052 394 3127 repugnantes.
423 3053 453 3109 et
476 3050 572 3109 adhuc
596 3052 727 3108 omnium
750 3050 962 3125 probationum
986 3052 1118 3127 quadru-

174 3295 207 3342 14
226 3289 339 3357 aliaque
359 3291 434 3343 omni
452 3300 515 3343 131³:
544 3289 690 3357 aliaquave
709 3301 731 3343 Α
823 3297 856 3344 16
875 3291 1034 3359 partiamur
1052 3293 1114 3365 ΑἸ

102 3363 145 3414 est
163 3377 206 3415 om
224 3370 278 3413 BP
294 3377 356 3415 reor
374 3362 431 3415 cdd
449 3373 466 3414 o
491 3362 572 3415 Valla
589 3363 621 3414 ia
640 3371 666 3413 P
738 3367 770 3415 19
789 3362 845 3415 loci
864 3373 900 3416 1’:
920 3362 983 3417 loco
1003 3373 1054 3419 AB

102 3438 136 3484 22
155 3432 379 3501 repugnantibus
393 3442 415 3484 A
426 3433 494 3487 Edd
565 3437 599 3483 24
618 3433 748 3500 sequenti
763 3444 802 3486 P:
814 3434 1051 3501 consequentibus
1065 3447 1119 3490 AB

90 3505 165 3567 (exul
169 3507 225 3576 221)
310 3508 344 3560 28
362 3505 484 3576 possunt
497 3503 610 3558 Meister
625 3503 633 3574 1
646 3506 698 3557 aut
709 3504 773 3573 ipsa
786 3515 808 3556 a
879 3509 912 3557 29
928 3521 984 3560 non
995 3522 1029 3560 ex
1039 3523 1082 3563 om
1091 3518 1119 3561 Β
