<?xml version="1.0" encoding="UTF-8"?>
<!DOCTYPE html PUBLIC "-//W3C//DTD XHTML 1.0 Transitional//EN"
    "http://www.w3.org/TR/xhtml1/DTD/xhtml1-transitional.dtd">
<html xmlns="http://www.w3.org/1999/xhtml" xml:lang="en" lang="en">
 <head>
  <title>
</title>
<meta http-equiv="Content-Type" content="text/html;charset=utf-8" />
  <meta name='ocr-system' content='tesseract 3.04.00' />
  <meta name='ocr-capabilities' content='ocr_page ocr_carea ocr_par ocr_line ocrx_word'/>
</head>
<body>
  <div class='ocr_page' id='page_1' title='image "./mfabiqvintilian00quingoog_0108.png"; bbox 0 0 2460 3854; ppageno 0'>
   <div class='ocr_carea' id='block_1_1' title="bbox 310 127 1086 196">
    <p class='ocr_par' dir='ltr' id='par_1_1' title="bbox 310 127 1086 196">
     <span class='ocr_line' id='line_1_1' title="bbox 310 127 1086 196; baseline -0.005 -13"><span class='ocrx_word' id='word_1_1' title='bbox 310 129 343 184; x_wconf 89' lang='lat'><strong>11.</strong></span> <span class='ocrx_word' id='word_1_2' title='bbox 364 135 389 196; x_wconf 79' lang='lat' dir='ltr'><strong>a,</strong></span> <span class='ocrx_word' id='word_1_3' title='bbox 408 132 522 182; x_wconf 79' lang='lat' dir='ltr'><strong>rr-se.</strong></span> <span class='ocrx_word' id='word_1_4' title='bbox 543 133 664 196; x_wconf 82' lang='lat' dir='ltr'><strong>e,1-r.</strong></span> <span class='ocrx_word' id='word_1_5' title='bbox 686 133 710 195; x_wconf 77' lang='lat' dir='ltr'><strong>r,</strong></span> <span class='ocrx_word' id='word_1_6' title='bbox 731 133 807 181; x_wconf 81' lang='lat'>1-2.</span> <span class='ocrx_word' id='word_1_7' title='bbox 1042 127 1086 192; x_wconf 81' lang='lat'><strong>89</strong></span> 
     </span>
    </p>
   </div>
   <div class='ocr_carea' id='block_1_2' title="bbox 26 296 1193 2334">
    <p class='ocr_par' dir='ltr' id='par_1_2' title="bbox 36 296 1143 1088">
     <span class='ocr_line' id='line_1_2' title="bbox 60 296 1086 376; baseline -0.003 -19"><span class='ocrx_word' id='word_1_8' title='bbox 60 319 135 357; x_wconf 88' lang='lat' dir='ltr'><strong>nem</strong></span> <span class='ocrx_word' id='word_1_9' title='bbox 170 317 241 358; x_wconf 91' lang='lat' dir='ltr'><strong>vero</strong></span> <span class='ocrx_word' id='word_1_10' title='bbox 274 299 312 356; x_wconf 92' lang='lat' dir='ltr'><strong>ad</strong></span> <span class='ocrx_word' id='word_1_11' title='bbox 345 297 560 376; x_wconf 84' lang='lat' dir='ltr'><strong>cogitationem</strong></span> <span class='ocrx_word' id='word_1_12' title='bbox 592 297 681 355; x_wconf 89' lang='lat' dir='ltr'><strong>etiam</strong></span> <span class='ocrx_word' id='word_1_13' title='bbox 715 299 747 355; x_wconf 86' lang='lat' dir='ltr'><strong>ct</strong></span> <span class='ocrx_word' id='word_1_14' title='bbox 783 296 884 356; x_wconf 89' lang='lat' dir='ltr'><strong>stilum</strong></span> <span class='ocrx_word' id='word_1_15' title='bbox 917 296 1086 372; x_wconf 85' lang='lat' dir='ltr'><strong>perferunt:</strong></span> 
     </span>
     <span class='ocr_line' id='line_1_3' title="bbox 62 385 1085 463; baseline -0.005 -16"><span class='ocrx_word' id='word_1_16' title='bbox 62 387 186 462; x_wconf 87' lang='lat' dir='ltr'><strong>deinde,</strong></span> <span class='ocrx_word' id='word_1_17' title='bbox 210 388 289 463; x_wconf 93' lang='lat' dir='ltr'><strong>quod</strong></span> <span class='ocrx_word' id='word_1_18' title='bbox 307 387 449 446; x_wconf 90' lang='lat' dir='ltr'><strong>libentius</strong></span> <span class='ocrx_word' id='word_1_19' title='bbox 464 387 696 462; x_wconf 77' lang='lat' dir='ltr'>praecipientem</span> <span class='ocrx_word' id='word_1_20' title='bbox 712 385 839 444; x_wconf 88' lang='lat' dir='ltr'><strong>audiunt</strong></span> <span class='ocrx_word' id='word_1_21' title='bbox 858 405 946 460; x_wconf 90' lang='lat' dir='ltr'><strong>quam</strong></span> <span class='ocrx_word' id='word_1_22' title='bbox 966 404 1085 460; x_wconf 90' lang='lat' dir='ltr'><strong>repren-</strong></span> 
     </span>
     <span class='ocr_line' id='line_1_4' title="bbox 62 473 1085 552; baseline -0.004 -17"><span class='ocrx_word' id='word_1_23' title='bbox 62 479 197 535; x_wconf 90' lang='lat' dir='ltr'><strong>dentem.</strong></span> <span class='ocrx_word' id='word_1_24' title='bbox 222 478 248 536; x_wconf 87' lang='lat' dir='ltr'><strong>si</strong></span> <span class='ocrx_word' id='word_1_25' title='bbox 271 478 323 552; x_wconf 93' lang='lat' dir='ltr'><strong>qui</strong></span> <span class='ocrx_word' id='word_1_26' title='bbox 346 494 416 535; x_wconf 91' lang='lat' dir='ltr'><strong>vero</strong></span> <span class='ocrx_word' id='word_1_27' title='bbox 439 475 530 550; x_wconf 86' lang='lat' dir='ltr'><strong>paulo</strong></span> <span class='ocrx_word' id='word_1_28' title='bbox 558 476 628 534; x_wconf 89' lang='lat' dir='ltr'><strong>sunt</strong></span> <span class='ocrx_word' id='word_1_29' title='bbox 655 473 828 546; x_wconf 81' lang='lat' dir='ltr'><strong>vivaciores,</strong></span> <span class='ocrx_word' id='word_1_30' title='bbox 860 477 892 532; x_wconf 90' lang='lat' dir='ltr'><strong>in</strong></span> <span class='ocrx_word' id='word_1_31' title='bbox 920 474 967 532; x_wconf 92' lang='lat' dir='ltr'><strong>his</strong></span> <span class='ocrx_word' id='word_1_32' title='bbox 999 492 1085 549; x_wconf 87' lang='lat' dir='ltr'><strong>prae-</strong></span> 
     </span>
     <span class='ocr_line' id='line_1_5' title="bbox 63 564 1085 640; baseline -0.004 -15"><span class='ocrx_word' id='word_1_33' title='bbox 63 567 173 626; x_wconf 80' lang='lat' dir='ltr'><strong>sertim</strong></span> <span class='ocrx_word' id='word_1_34' title='bbox 205 566 347 640; x_wconf 65' lang='lat' dir='ltr'><strong>meritus</strong></span> <span class='ocrx_word' id='word_1_35' title='bbox 379 564 472 623; x_wconf 87' lang='lat' dir='ltr'><strong>etiam</strong></span> <span class='ocrx_word' id='word_1_36' title='bbox 504 564 675 624; x_wconf 90' lang='lat' dir='ltr'><strong>irascuntur</strong></span> <span class='ocrx_word' id='word_1_37' title='bbox 707 564 905 623; x_wconf 76' lang='lat' dir='ltr'><strong>admonitioni</strong></span> <span class='ocrx_word' id='word_1_38' title='bbox 937 565 968 622; x_wconf 92' lang='lat' dir='ltr'><strong>et</strong></span> <span class='ocrx_word' id='word_1_39' title='bbox 999 564 1085 621; x_wconf 89' lang='lat' dir='ltr'><strong>taciti</strong></span> 
     </span>
     <span class='ocr_line' id='line_1_6' title="bbox 36 652 1143 733; baseline 0 -18"><span class='ocrx_word' id='word_1_40' title='bbox 36 657 246 733; x_wconf 80' lang='lat' dir='ltr'><strong>arepugnant.</strong></span> <span class='ocrx_word' id='word_1_41' title='bbox 277 673 373 730; x_wconf 90' lang='lat' dir='ltr'><strong>neque</strong></span> <span class='ocrx_word' id='word_1_42' title='bbox 400 653 467 713; x_wconf 92' lang='lat' dir='ltr'><strong>ideo</strong></span> <span class='ocrx_word' id='word_1_43' title='bbox 498 656 599 712; x_wconf 86' lang='lat' dir='ltr'><strong>tamen</strong></span> <span class='ocrx_word' id='word_1_44' title='bbox 631 653 729 712; x_wconf 88' lang='lat' dir='ltr'><strong>minus</strong></span> <span class='ocrx_word' id='word_1_45' title='bbox 761 652 837 711; x_wconf 86' lang='lat' dir='ltr'><strong>vitia</strong></span> <span class='ocrx_word' id='word_1_46' title='bbox 869 655 972 728; x_wconf 90' lang='lat' dir='ltr'><strong>aperte</strong></span> <span class='ocrx_word' id='word_1_47' title='bbox 1004 671 1085 711; x_wconf 85' lang='lat' dir='ltr'><strong>coar·</strong></span> <span class='ocrx_word' id='word_1_48' title='bbox 1120 659 1143 715; x_wconf 82' lang='lat'>4</span> 
     </span>
     <span class='ocr_line' id='line_1_7' title="bbox 64 737 1086 822; baseline -0.002 -20"><span class='ocrx_word' id='word_1_49' title='bbox 64 743 189 822; x_wconf 81' lang='lat' dir='ltr'><strong>gnenda</strong></span> <span class='ocrx_word' id='word_1_50' title='bbox 212 745 295 803; x_wconf 88' lang='lat' dir='ltr'><strong>sunt:</strong></span> <span class='ocrx_word' id='word_1_51' title='bbox 327 743 464 802; x_wconf 87' lang='lat' dir='ltr'><strong>habenda</strong></span> <span class='ocrx_word' id='word_1_52' title='bbox 492 737 571 801; x_wconf 89' lang='lat' dir='ltr'><strong>enim</strong></span> <span class='ocrx_word' id='word_1_53' title='bbox 603 742 680 800; x_wconf 89' lang='lat' dir='ltr'><strong>ratio</strong></span> <span class='ocrx_word' id='word_1_54' title='bbox 712 743 886 815; x_wconf 85' lang='lat' dir='ltr'><strong>ceterorum,</strong></span> <span class='ocrx_word' id='word_1_55' title='bbox 919 743 972 817; x_wconf 88' lang='lat' dir='ltr'><strong>qui</strong></span> <span class='ocrx_word' id='word_1_56' title='bbox 1003 743 1086 800; x_wconf 91' lang='lat' dir='ltr'><strong>recta</strong></span> 
     </span>
     <span class='ocr_line' id='line_1_8' title="bbox 65 830 1084 908; baseline -0.003 -15"><span class='ocrx_word' id='word_1_57' title='bbox 65 848 140 906; x_wconf 83' lang='lat' dir='ltr'><strong>esse,</strong></span> <span class='ocrx_word' id='word_1_58' title='bbox 174 851 251 908; x_wconf 89' lang='lat' dir='ltr'><strong>quae</strong></span> <span class='ocrx_word' id='word_1_59' title='bbox 273 835 449 908; x_wconf 85' lang='lat' dir='ltr'><strong>praeceptor</strong></span> <span class='ocrx_word' id='word_1_60' title='bbox 471 849 530 890; x_wconf 91' lang='lat' dir='ltr'><strong>non</strong></span> <span class='ocrx_word' id='word_1_61' title='bbox 561 831 773 901; x_wconf 79' lang='lat' dir='ltr'><strong>emendaverit,</strong></span> <span class='ocrx_word' id='word_1_62' title='bbox 801 830 929 889; x_wconf 90' lang='lat' dir='ltr'><strong>credent.</strong></span> <span class='ocrx_word' id='word_1_63' title='bbox 957 833 1084 907; x_wconf 88' lang='lat' dir='ltr'><strong>utraque</strong></span> 
     </span>
     <span class='ocr_line' id='line_1_9' title="bbox 66 920 1085 995; baseline -0.001 -15"><span class='ocrx_word' id='word_1_64' title='bbox 66 925 170 981; x_wconf 86' lang='lat' dir='ltr'><strong>autem</strong></span> <span class='ocrx_word' id='word_1_65' title='bbox 197 923 276 980; x_wconf 89' lang='lat' dir='ltr'><strong>ratio</strong></span> <span class='ocrx_word' id='word_1_66' title='bbox 300 921 450 980; x_wconf 85' lang='lat' dir='ltr'><strong>miscenda</strong></span> <span class='ocrx_word' id='word_1_67' title='bbox 473 923 519 979; x_wconf 90' lang='lat' dir='ltr'><strong>est</strong></span> <span class='ocrx_word' id='word_1_68' title='bbox 546 923 577 978; x_wconf 89' lang='lat' dir='ltr'><strong>et</strong></span> <span class='ocrx_word' id='word_1_69' title='bbox 597 921 643 979; x_wconf 89' lang='lat' dir='ltr'><strong>ita</strong></span> <span class='ocrx_word' id='word_1_70' title='bbox 670 920 837 993; x_wconf 84' lang='lat' dir='ltr'><strong>tractanda,</strong></span> <span class='ocrx_word' id='word_1_71' title='bbox 864 922 899 978; x_wconf 93' lang='lat' dir='ltr'><strong>ut</strong></span> <span class='ocrx_word' id='word_1_72' title='bbox 926 920 1008 995; x_wconf 82' lang='lat' dir='ltr'><strong>ipsae</strong></span> <span class='ocrx_word' id='word_1_73' title='bbox 1039 939 1085 979; x_wconf 92' lang='lat' dir='ltr'><strong>res</strong></span> 
     </span>
     <span class='ocr_line' id='line_1_10' title="bbox 65 1008 1142 1088; baseline -0.004 -17"><span class='ocrx_word' id='word_1_74' title='bbox 65 1009 272 1088; x_wconf 89' lang='lat' dir='ltr'><strong>postulabunt.</strong></span> <span class='ocrx_word' id='word_1_75' title='bbox 295 1029 424 1087; x_wconf 90' lang='lat' dir='ltr'><strong>namque</strong></span> <span class='ocrx_word' id='word_1_76' title='bbox 446 1009 657 1085; x_wconf 79' lang='lat' dir='ltr'><strong>incipientibus</strong></span> <span class='ocrx_word' id='word_1_77' title='bbox 682 1008 780 1067; x_wconf 90' lang='lat' dir='ltr'><strong>danda</strong></span> <span class='ocrx_word' id='word_1_78' title='bbox 807 1011 865 1068; x_wconf 89' lang='lat' dir='ltr'><strong>erit</strong></span> <span class='ocrx_word' id='word_1_79' title='bbox 891 1009 974 1068; x_wconf 89' lang='lat' dir='ltr'><strong>velut</strong></span> <span class='ocrx_word' id='word_1_80' title='bbox 1001 1028 1085 1084; x_wconf 90' lang='lat' dir='ltr'><strong>prae·</strong></span> <span class='ocrx_word' id='word_1_81' title='bbox 1120 1018 1142 1072; x_wconf 61' lang='grc' dir='ltr'>ὅ</span> 
     </span>
    </p>

    <p class='ocr_par' dir='ltr' id='par_1_3' title="bbox 26 1097 1142 1533">
     <span class='ocr_line' id='line_1_11' title="bbox 26 1097 1084 1173; baseline -0.004 -13"><span class='ocrx_word' id='word_1_82' title='bbox 26 1102 201 1160; x_wconf 85' lang='lat' dir='ltr'><strong>reformata</strong></span> <span class='ocrx_word' id='word_1_83' title='bbox 223 1099 351 1158; x_wconf 88' lang='lat' dir='ltr'><strong>materia</strong></span> <span class='ocrx_word' id='word_1_84' title='bbox 373 1097 535 1159; x_wconf 88' lang='lat' dir='ltr'><strong>secundum</strong></span> <span class='ocrx_word' id='word_1_85' title='bbox 562 1097 704 1173; x_wconf 87' lang='lat' dir='ltr'><strong>cuiusque</strong></span> <span class='ocrx_word' id='word_1_86' title='bbox 732 1099 819 1156; x_wconf 89' lang='lat' dir='ltr'><strong>vires.</strong></span> <span class='ocrx_word' id='word_1_87' title='bbox 854 1101 885 1156; x_wconf 91' lang='lat' dir='ltr'><strong>at</strong></span> <span class='ocrx_word' id='word_1_88' title='bbox 915 1116 983 1157; x_wconf 92' lang='lat' dir='ltr'><strong>cum</strong></span> <span class='ocrx_word' id='word_1_89' title='bbox 1011 1099 1084 1156; x_wconf 90' lang='lat' dir='ltr'><strong>satis</strong></span> 
     </span>
     <span class='ocr_line' id='line_1_12' title="bbox 65 1186 1084 1266; baseline -0.004 -18"><span class='ocrx_word' id='word_1_90' title='bbox 65 1189 269 1266; x_wconf 76' lang='lat' dir='ltr'><strong>composuisse</strong></span> <span class='ocrx_word' id='word_1_91' title='bbox 292 1207 323 1248; x_wconf 86' lang='lat' dir='ltr'><strong>se</strong></span> <span class='ocrx_word' id='word_1_92' title='bbox 346 1187 385 1248; x_wconf 86' lang='lat' dir='ltr'><strong>ad</strong></span> <span class='ocrx_word' id='word_1_93' title='bbox 408 1187 578 1263; x_wconf 86' lang='lat' dir='ltr'><strong>exemplum</strong></span> <span class='ocrx_word' id='word_1_94' title='bbox 600 1187 788 1261; x_wconf 85' lang='lat' dir='ltr'><strong>videbuntur,</strong></span> <span class='ocrx_word' id='word_1_95' title='bbox 811 1187 915 1246; x_wconf 87' lang='lat' dir='ltr'><strong>brevia</strong></span> <span class='ocrx_word' id='word_1_96' title='bbox 939 1186 1084 1261; x_wconf 86' lang='lat' dir='ltr'><strong>quaedam</strong></span> 
     </span>
     <span class='ocr_line' id='line_1_13' title="bbox 66 1275 1084 1355; baseline -0.004 -17"><span class='ocrx_word' id='word_1_97' title='bbox 66 1278 300 1338; x_wconf 86' lang='lat' dir='ltr'><strong>demonstranda</strong></span> <span class='ocrx_word' id='word_1_98' title='bbox 327 1279 464 1355; x_wconf 80' lang='lat' dir='ltr'><strong>vestigia,</strong></span> <span class='ocrx_word' id='word_1_99' title='bbox 495 1295 571 1352; x_wconf 85' lang='lat' dir='ltr'><strong>qnae</strong></span> <span class='ocrx_word' id='word_1_100' title='bbox 602 1278 753 1352; x_wconf 79' lang='lat' dir='ltr'><strong>persecuti</strong></span> <span class='ocrx_word' id='word_1_101' title='bbox 784 1276 846 1334; x_wconf 86' lang='lat' dir='ltr'><strong>iam</strong></span> <span class='ocrx_word' id='word_1_102' title='bbox 878 1276 939 1335; x_wconf 88' lang='lat' dir='ltr'><strong>suis</strong></span> <span class='ocrx_word' id='word_1_103' title='bbox 972 1275 1084 1334; x_wconf 90' lang='lat' dir='ltr'><strong>viribus</strong></span> 
     </span>
     <span class='ocr_line' id='line_1_14' title="bbox 66 1363 1142 1444; baseline -0.005 -17"><span class='ocrx_word' id='word_1_104' title='bbox 66 1369 131 1427; x_wconf 89' lang='lat' dir='ltr'><strong>sine</strong></span> <span class='ocrx_word' id='word_1_105' title='bbox 155 1366 338 1426; x_wconf 86' lang='lat' dir='ltr'><strong>adminiculo</strong></span> <span class='ocrx_word' id='word_1_106' title='bbox 361 1365 502 1444; x_wconf 83' lang='lat' dir='ltr'><strong>progredi</strong></span> <span class='ocrx_word' id='word_1_107' title='bbox 524 1367 648 1441; x_wconf 90' lang='lat' dir='ltr'><strong>possint.</strong></span> <span class='ocrx_word' id='word_1_108' title='bbox 680 1383 902 1440; x_wconf 87' lang='lat' dir='ltr'><strong>nonnumquam</strong></span> <span class='ocrx_word' id='word_1_109' title='bbox 926 1363 1003 1423; x_wconf 90' lang='lat' dir='ltr'><strong>credi</strong></span> <span class='ocrx_word' id='word_1_110' title='bbox 1029 1364 1086 1423; x_wconf 91' lang='lat' dir='ltr'><strong>sibi</strong></span> <span class='ocrx_word' id='word_1_111' title='bbox 1120 1374 1142 1428; x_wconf 76' lang='grc'>6</span> 
     </span>
     <span class='ocr_line' id='line_1_15' title="bbox 65 1453 1084 1533; baseline -0.004 -18"><span class='ocrx_word' id='word_1_112' title='bbox 65 1459 149 1533; x_wconf 91' lang='lat' dir='ltr'><strong>ipsos</strong></span> <span class='ocrx_word' id='word_1_113' title='bbox 173 1455 332 1531; x_wconf 82' lang='lat' dir='ltr'><strong>oportebit,</strong></span> <span class='ocrx_word' id='word_1_114' title='bbox 356 1474 392 1513; x_wconf 91' lang='lat' dir='ltr'><strong>ne</strong></span> <span class='ocrx_word' id='word_1_115' title='bbox 416 1456 497 1514; x_wconf 89' lang='lat' dir='ltr'><strong>mala</strong></span> <span class='ocrx_word' id='word_1_116' title='bbox 520 1454 733 1514; x_wconf 90' lang='lat' dir='ltr'><strong>consuetudine</strong></span> <span class='ocrx_word' id='word_1_117' title='bbox 757 1473 874 1530; x_wconf 88' lang='lat' dir='ltr'><strong>semper</strong></span> <span class='ocrx_word' id='word_1_118' title='bbox 891 1453 1023 1512; x_wconf 87' lang='lat' dir='ltr'><strong>alienum</strong></span> <span class='ocrx_word' id='word_1_119' title='bbox 1041 1454 1084 1511; x_wconf 92' lang='lat' dir='ltr'><strong>la·</strong></span> 
     </span>
    </p>

    <p class='ocr_par' dir='ltr' id='par_1_4' title="bbox 29 1543 1139 1976">
     <span class='ocr_line' id='line_1_16' title="bbox 29 1543 1084 1623; baseline -0.006 -17"><span class='ocrx_word' id='word_1_120' title='bbox 29 1566 54 1606; x_wconf 81' lang='lat' dir='ltr'><strong>rs</strong></span> <span class='ocrx_word' id='word_1_121' title='bbox 66 1547 170 1606; x_wconf 84' lang='lat' dir='ltr'><strong>boram</strong></span> <span class='ocrx_word' id='word_1_122' title='bbox 201 1545 344 1619; x_wconf 89' lang='lat' dir='ltr'><strong>sequendi</strong></span> <span class='ocrx_word' id='word_1_123' title='bbox 376 1545 451 1603; x_wconf 91' lang='lat' dir='ltr'><strong>nihil</strong></span> <span class='ocrx_word' id='word_1_124' title='bbox 484 1562 538 1621; x_wconf 87' lang='lat' dir='ltr'><strong>per</strong></span> <span class='ocrx_word' id='word_1_125' title='bbox 569 1562 600 1602; x_wconf 90' lang='lat' dir='ltr'><strong>se</strong></span> <span class='ocrx_word' id='word_1_126' title='bbox 632 1545 735 1602; x_wconf 90' lang='lat' dir='ltr'><strong>conari</strong></span> <span class='ocrx_word' id='word_1_127' title='bbox 759 1548 788 1601; x_wconf 91' lang='lat' dir='ltr'><strong>et</strong></span> <span class='ocrx_word' id='word_1_128' title='bbox 812 1562 952 1623; x_wconf 80' lang='lat' dir='ltr'><strong>quaerere</strong></span> <span class='ocrx_word' id='word_1_129' title='bbox 980 1543 1084 1602; x_wconf 87' lang='lat' dir='ltr'><strong>sciant.</strong></span> 
     </span>
     <span class='ocr_line' id='line_1_17' title="bbox 67 1632 1084 1710; baseline -0.004 -16"><span class='ocrx_word' id='word_1_130' title='bbox 67 1634 175 1710; x_wconf 89' lang='lat' dir='ltr'><strong>quodsi</strong></span> <span class='ocrx_word' id='word_1_131' title='bbox 199 1635 273 1694; x_wconf 87' lang='lat' dir='ltr'><strong>satis</strong></span> <span class='ocrx_word' id='word_1_132' title='bbox 300 1634 462 1710; x_wconf 88' lang='lat' dir='ltr'><strong>prudenter</strong></span> <span class='ocrx_word' id='word_1_133' title='bbox 490 1632 614 1692; x_wconf 90' lang='lat' dir='ltr'><strong>dicenda</strong></span> <span class='ocrx_word' id='word_1_134' title='bbox 640 1633 779 1706; x_wconf 89' lang='lat' dir='ltr'><strong>viderint,</strong></span> <span class='ocrx_word' id='word_1_135' title='bbox 807 1634 868 1691; x_wconf 91' lang='lat' dir='ltr'><strong>iam</strong></span> <span class='ocrx_word' id='word_1_136' title='bbox 895 1650 988 1707; x_wconf 89' lang='lat' dir='ltr'><strong>prope</strong></span> <span class='ocrx_word' id='word_1_137' title='bbox 1017 1651 1084 1691; x_wconf 91' lang='lat' dir='ltr'><strong>con·</strong></span> 
     </span>
     <span class='ocr_line' id='line_1_18' title="bbox 67 1720 1085 1798; baseline -0.004 -15"><span class='ocrx_word' id='word_1_138' title='bbox 67 1725 218 1783; x_wconf 89' lang='lat' dir='ltr'><strong>summata</strong></span> <span class='ocrx_word' id='word_1_139' title='bbox 250 1724 342 1782; x_wconf 82' lang='lat' dir='ltr'><strong>firerit</strong></span> <span class='ocrx_word' id='word_1_140' title='bbox 373 1722 584 1798; x_wconf 86' lang='lat' dir='ltr'><strong>praecipientis</strong></span> <span class='ocrx_word' id='word_1_141' title='bbox 617 1740 720 1797; x_wconf 76' lang='lat' dir='ltr'><strong>operat</strong></span> <span class='ocrx_word' id='word_1_142' title='bbox 757 1722 782 1780; x_wconf 90' lang='lat' dir='ltr'><strong>si</strong></span> <span class='ocrx_word' id='word_1_143' title='bbox 816 1720 889 1797; x_wconf 89' lang='lat' dir='ltr'><strong>quid</strong></span> <span class='ocrx_word' id='word_1_144' title='bbox 921 1722 1085 1780; x_wconf 85' lang='lat' dir='ltr'><strong>erraverint</strong></span> 
     </span>
     <span class='ocr_line' id='line_1_19' title="bbox 66 1809 1139 1887; baseline -0.007 -15"><span class='ocrx_word' id='word_1_145' title='bbox 66 1813 174 1887; x_wconf 84' lang='lat' dir='ltr'><strong>adhuc,</strong></span> <span class='ocrx_word' id='word_1_146' title='bbox 199 1815 286 1871; x_wconf 89' lang='lat' dir='ltr'><strong>erunt</strong></span> <span class='ocrx_word' id='word_1_147' title='bbox 308 1812 347 1870; x_wconf 89' lang='lat' dir='ltr'><strong>ad</strong></span> <span class='ocrx_word' id='word_1_148' title='bbox 370 1812 474 1871; x_wconf 89' lang='lat' dir='ltr'><strong>ducem</strong></span> <span class='ocrx_word' id='word_1_149' title='bbox 497 1810 663 1870; x_wconf 86' lang='lat' dir='ltr'><strong>reducendi.</strong></span> <span class='ocrx_word' id='word_1_150' title='bbox 688 1811 737 1868; x_wconf 87' lang='lat' dir='ltr'><strong>eui</strong></span> <span class='ocrx_word' id='word_1_151' title='bbox 759 1813 804 1870; x_wconf 90' lang='lat' dir='ltr'><strong>rei</strong></span> <span class='ocrx_word' id='word_1_152' title='bbox 826 1811 923 1869; x_wconf 83' lang='lat' dir='ltr'><strong>simile</strong></span> <span class='ocrx_word' id='word_1_153' title='bbox 942 1809 1085 1885; x_wconf 90' lang='lat' dir='ltr'><strong>quiddam</strong></span> <span class='ocrx_word' id='word_1_154' title='bbox 1122 1811 1139 1864; x_wconf 71' lang='lat' dir='ltr'><strong>t</strong></span> 
     </span>
     <span class='ocr_line' id='line_1_20' title="bbox 67 1899 1085 1976; baseline -0.003 -16"><span class='ocrx_word' id='word_1_155' title='bbox 67 1902 213 1962; x_wconf 87' lang='lat' dir='ltr'><strong>facientes</strong></span> <span class='ocrx_word' id='word_1_156' title='bbox 236 1920 305 1961; x_wconf 86' lang='lat' dir='ltr'><strong>aves</strong></span> <span class='ocrx_word' id='word_1_157' title='bbox 328 1902 485 1975; x_wconf 89' lang='lat' dir='ltr'><strong>cernimus,</strong></span> <span class='ocrx_word' id='word_1_158' title='bbox 517 1919 595 1976; x_wconf 87' lang='lat' dir='ltr'><strong>quae</strong></span> <span class='ocrx_word' id='word_1_159' title='bbox 618 1901 729 1958; x_wconf 88' lang='lat' dir='ltr'><strong>teneris</strong></span> <span class='ocrx_word' id='word_1_160' title='bbox 761 1899 946 1974; x_wconf 89' lang='lat' dir='ltr'><strong>infirmisque</strong></span> <span class='ocrx_word' id='word_1_161' title='bbox 975 1899 1085 1958; x_wconf 90' lang='lat' dir='ltr'><strong>fetibus</strong></span> 
     </span>
    </p>

    <p class='ocr_par' dir='ltr' id='par_1_5' title="bbox 31 1988 1193 2334">
     <span class='ocr_line' id='line_1_21' title="bbox 31 1988 1085 2065; baseline -0.004 -15"><span class='ocrx_word' id='word_1_162' title='bbox 31 2010 55 2050; x_wconf 79' lang='lat' dir='ltr'><strong>ao</strong></span> <span class='ocrx_word' id='word_1_163' title='bbox 68 1992 149 2051; x_wconf 89' lang='lat' dir='ltr'><strong>cibos</strong></span> <span class='ocrx_word' id='word_1_164' title='bbox 174 2009 224 2048; x_wconf 90' lang='lat' dir='ltr'><strong>ore</strong></span> <span class='ocrx_word' id='word_1_165' title='bbox 247 2009 300 2049; x_wconf 90' lang='lat' dir='ltr'><strong>suo</strong></span> <span class='ocrx_word' id='word_1_166' title='bbox 324 1990 457 2049; x_wconf 86' lang='lat' dir='ltr'><strong>conlatus</strong></span> <span class='ocrx_word' id='word_1_167' title='bbox 480 1991 667 2065; x_wconf 87' lang='lat' dir='ltr'><strong>partiuntur:</strong></span> <span class='ocrx_word' id='word_1_168' title='bbox 691 1991 805 2047; x_wconf 84' lang='lat' dir='ltr'><strong>etcum</strong></span> <span class='ocrx_word' id='word_1_169' title='bbox 823 1989 882 2048; x_wconf 90' lang='lat' dir='ltr'><strong>visi</strong></span> <span class='ocrx_word' id='word_1_170' title='bbox 896 1991 966 2046; x_wconf 89' lang='lat' dir='ltr'><strong>sunt</strong></span> <span class='ocrx_word' id='word_1_171' title='bbox 979 1988 1085 2062; x_wconf 90' lang='lat' dir='ltr'><strong>adulti,</strong></span> 
     </span>
     <span class='ocr_line' id='line_1_22' title="bbox 68 2077 1193 2158; baseline -0.003 -19"><span class='ocrx_word' id='word_1_172' title='bbox 68 2081 194 2157; x_wconf 88' lang='lat' dir='ltr'><strong>paulum</strong></span> <span class='ocrx_word' id='word_1_173' title='bbox 219 2078 319 2158; x_wconf 81' lang='lat' dir='ltr'><strong>egredi</strong></span> <span class='ocrx_word' id='word_1_174' title='bbox 342 2078 420 2138; x_wconf 88' lang='lat' dir='ltr'><strong>nidis</strong></span> <span class='ocrx_word' id='word_1_175' title='bbox 443 2081 474 2137; x_wconf 90' lang='lat' dir='ltr'><strong>et</strong></span> <span class='ocrx_word' id='word_1_176' title='bbox 497 2078 711 2137; x_wconf 88' lang='lat' dir='ltr'><strong>circumvolare</strong></span> <span class='ocrx_word' id='word_1_177' title='bbox 735 2077 835 2136; x_wconf 91' lang='lat' dir='ltr'><strong>sedem</strong></span> <span class='ocrx_word' id='word_1_178' title='bbox 857 2077 942 2135; x_wconf 90' lang='lat' dir='ltr'><strong>illam</strong></span> <span class='ocrx_word' id='word_1_179' title='bbox 965 2095 1083 2150; x_wconf 88' lang='lat' dir='ltr'><strong>praece·</strong></span> <span class='ocrx_word' id='word_1_180' title='bbox 1190 2095 1193 2103; x_wconf 86' lang='grc'><strong><em>’</em></strong></span> 
     </span>
     <span class='ocr_line' id='line_1_23' title="bbox 67 2166 1084 2244; baseline -0.004 -18"><span class='ocrx_word' id='word_1_181' title='bbox 67 2169 172 2228; x_wconf 87' lang='lat' dir='ltr'><strong>dentes</strong></span> <span class='ocrx_word' id='word_1_182' title='bbox 186 2170 269 2244; x_wconf 88' lang='lat' dir='ltr'><strong>ipsae</strong></span> <span class='ocrx_word' id='word_1_183' title='bbox 284 2169 404 2227; x_wconf 87' lang='lat' dir='ltr'><strong>docent:</strong></span> <span class='ocrx_word' id='word_1_184' title='bbox 427 2169 491 2225; x_wconf 91' lang='lat' dir='ltr'><strong>tum</strong></span> <span class='ocrx_word' id='word_1_185' title='bbox 506 2170 642 2242; x_wconf 83' lang='lat' dir='ltr'><strong>expertas</strong></span> <span class='ocrx_word' id='word_1_186' title='bbox 656 2169 735 2226; x_wconf 88' lang='lat' dir='ltr'><strong>vires</strong></span> <span class='ocrx_word' id='word_1_187' title='bbox 749 2166 843 2225; x_wconf 89' lang='lat' dir='ltr'><strong>libero</strong></span> <span class='ocrx_word' id='word_1_188' title='bbox 858 2167 940 2224; x_wconf 90' lang='lat' dir='ltr'><strong>caelo</strong></span> <span class='ocrx_word' id='word_1_189' title='bbox 954 2184 1084 2240; x_wconf 87' lang='lat' dir='ltr'><strong>suaeque</strong></span> 
     </span>
     <span class='ocr_line' id='line_1_24' title="bbox 66 2256 562 2334; baseline -0.004 -18"><span class='ocrx_word' id='word_1_190' title='bbox 66 2260 203 2334; x_wconf 92' lang='lat' dir='ltr'><strong>ipsorum</strong></span> <span class='ocrx_word' id='word_1_191' title='bbox 225 2256 351 2316; x_wconf 90' lang='lat' dir='ltr'><strong>fiduciae</strong></span> <span class='ocrx_word' id='word_1_192' title='bbox 373 2258 562 2333; x_wconf 86' lang='lat' dir='ltr'><strong>permittunt.</strong></span> 
     </span>
    </p>
   </div>
   <div class='ocr_carea' id='block_1_3' title="bbox 428 2383 734 2480">
    <p class='ocr_par' dir='ltr' id='par_1_6' title="bbox 428 2383 734 2480">
     <span class='ocr_line' id='line_1_25' title="bbox 428 2383 734 2480; baseline 0.007 -20"><span class='ocrx_word' id='word_1_193' title='bbox 428 2383 734 2480; x_wconf 67' lang='lat' dir='ltr'><strong>[cenomannos]</strong></span> 
     </span>
    </p>
   </div>
   <div class='ocr_carea' id='block_1_4' title="bbox 27 2514 1140 3315">
    <p class='ocr_par' dir='ltr' id='par_1_7' title="bbox 36 2514 1137 2956">
     <span class='ocr_line' id='line_1_26' title="bbox 36 2514 1137 2599; baseline -0.001 -18"><span class='ocrx_word' id='word_1_194' title='bbox 36 2541 55 2582; x_wconf 84' lang='lat' dir='ltr'><strong>u</strong></span> <span class='ocrx_word' id='word_1_195' title='bbox 133 2524 204 2582; x_wconf 85' lang='lat' dir='ltr'><strong>VH.</strong></span> <span class='ocrx_word' id='word_1_196' title='bbox 226 2524 306 2582; x_wconf 85' lang='lat' dir='ltr'><strong>Hlud</strong></span> <span class='ocrx_word' id='word_1_197' title='bbox 330 2543 365 2582; x_wconf 88' lang='lat' dir='ltr'><strong>cx</strong></span> <span class='ocrx_word' id='word_1_198' title='bbox 384 2523 597 2583; x_wconf 87' lang='lat' dir='ltr'><strong>consuetudine</strong></span> <span class='ocrx_word' id='word_1_199' title='bbox 616 2523 792 2582; x_wconf 88' lang='lat' dir='ltr'><strong>mutandum</strong></span> <span class='ocrx_word' id='word_1_200' title='bbox 806 2542 928 2599; x_wconf 87' lang='lat' dir='ltr'><strong>prorsus</strong></span> <span class='ocrx_word' id='word_1_201' title='bbox 947 2523 1085 2582; x_wconf 86' lang='lat' dir='ltr'><strong>existimo</strong></span> <span class='ocrx_word' id='word_1_202' title='bbox 1122 2514 1137 2570; x_wconf 93' lang='lat' dir='ltr'>l</span> 
     </span>
     <span class='ocr_line' id='line_1_27' title="bbox 66 2612 1084 2689; baseline -0.002 -17"><span class='ocrx_word' id='word_1_203' title='bbox 66 2615 97 2672; x_wconf 91' lang='lat' dir='ltr'><strong>in</strong></span> <span class='ocrx_word' id='word_1_204' title='bbox 120 2613 180 2688; x_wconf 86' lang='lat' dir='ltr'><strong>his,</strong></span> <span class='ocrx_word' id='word_1_205' title='bbox 208 2613 243 2672; x_wconf 89' lang='lat' dir='ltr'><strong>de</strong></span> <span class='ocrx_word' id='word_1_206' title='bbox 268 2613 377 2689; x_wconf 89' lang='lat' dir='ltr'><strong>quibus</strong></span> <span class='ocrx_word' id='word_1_207' title='bbox 400 2631 478 2671; x_wconf 91' lang='lat' dir='ltr'><strong>nunc</strong></span> <span class='ocrx_word' id='word_1_208' title='bbox 502 2612 682 2687; x_wconf 85' lang='lat' dir='ltr'><strong>disserimus,</strong></span> <span class='ocrx_word' id='word_1_209' title='bbox 711 2613 872 2689; x_wconf 85' lang='lat' dir='ltr'><strong>aetatibus,</strong></span> <span class='ocrx_word' id='word_1_210' title='bbox 906 2631 942 2670; x_wconf 94' lang='lat' dir='ltr'><strong>ne</strong></span> <span class='ocrx_word' id='word_1_211' title='bbox 975 2614 1084 2687; x_wconf 90' lang='lat' dir='ltr'><strong>omnia,</strong></span> 
     </span>
     <span class='ocr_line' id='line_1_28' title="bbox 66 2701 1085 2780; baseline -0.005 -17"><span class='ocrx_word' id='word_1_212' title='bbox 66 2722 146 2780; x_wconf 90' lang='lat' dir='ltr'><strong>quae</strong></span> <span class='ocrx_word' id='word_1_213' title='bbox 166 2702 348 2777; x_wconf 68' lang='lat' dir='ltr'><strong>scripserint</strong></span> <span class='ocrx_word' id='word_1_214' title='bbox 367 2702 501 2761; x_wconf 88' lang='lat' dir='ltr'><strong>ediscant</strong></span> <span class='ocrx_word' id='word_1_215' title='bbox 519 2705 550 2760; x_wconf 91' lang='lat' dir='ltr'><strong>et</strong></span> <span class='ocrx_word' id='word_1_216' title='bbox 563 2704 653 2777; x_wconf 89' lang='lat' dir='ltr'><strong>certa,</strong></span> <span class='ocrx_word' id='word_1_217' title='bbox 677 2705 712 2760; x_wconf 93' lang='lat' dir='ltr'><strong>ut</strong></span> <span class='ocrx_word' id='word_1_218' title='bbox 725 2703 816 2760; x_wconf 87' lang='lat' dir='ltr'><strong>moris</strong></span> <span class='ocrx_word' id='word_1_219' title='bbox 831 2705 884 2777; x_wconf 80' lang='lat' dir='ltr'><strong>est,</strong></span> <span class='ocrx_word' id='word_1_220' title='bbox 908 2702 955 2760; x_wconf 91' lang='lat' dir='ltr'><strong>die</strong></span> <span class='ocrx_word' id='word_1_221' title='bbox 970 2701 1085 2760; x_wconf 88' lang='lat' dir='ltr'><strong>dicant:</strong></span> 
     </span>
     <span class='ocr_line' id='line_1_29' title="bbox 66 2791 1085 2868; baseline -0.005 -16"><span class='ocrx_word' id='word_1_222' title='bbox 66 2792 149 2868; x_wconf 91' lang='lat' dir='ltr'><strong>quod</strong></span> <span class='ocrx_word' id='word_1_223' title='bbox 182 2791 302 2868; x_wconf 90' lang='lat' dir='ltr'><strong>quidem</strong></span> <span class='ocrx_word' id='word_1_224' title='bbox 330 2792 458 2850; x_wconf 81' lang='lat' dir='ltr'><strong>maxime</strong></span> <span class='ocrx_word' id='word_1_225' title='bbox 485 2794 586 2868; x_wconf 88' lang='lat' dir='ltr'><strong>patres</strong></span> <span class='ocrx_word' id='word_1_226' title='bbox 615 2791 746 2868; x_wconf 83' lang='lat' dir='ltr'><strong>exigunt,</strong></span> <span class='ocrx_word' id='word_1_227' title='bbox 774 2793 865 2865; x_wconf 89' lang='lat' dir='ltr'><strong>atque</strong></span> <span class='ocrx_word' id='word_1_228' title='bbox 894 2793 939 2850; x_wconf 87' lang='lat' dir='ltr'><strong>ita</strong></span> <span class='ocrx_word' id='word_1_229' title='bbox 967 2792 1085 2850; x_wconf 92' lang='lat' dir='ltr'><strong>demum</strong></span> 
     </span>
     <span class='ocr_line' id='line_1_30' title="bbox 65 2880 1085 2956; baseline -0.006 -14"><span class='ocrx_word' id='word_1_230' title='bbox 65 2881 188 2942; x_wconf 86' lang='lat' dir='ltr'><strong>studere</strong></span> <span class='ocrx_word' id='word_1_231' title='bbox 210 2881 319 2940; x_wconf 88' lang='lat' dir='ltr'><strong>liberos</strong></span> <span class='ocrx_word' id='word_1_232' title='bbox 338 2899 415 2956; x_wconf 86' lang='lat' dir='ltr'><strong>suos,</strong></span> <span class='ocrx_word' id='word_1_233' title='bbox 438 2880 463 2940; x_wconf 85' lang='lat' dir='ltr'><strong>si</strong></span> <span class='ocrx_word' id='word_1_234' title='bbox 483 2899 572 2955; x_wconf 87' lang='lat' dir='ltr'><strong>quem</strong></span> <span class='ocrx_word' id='word_1_235' title='bbox 590 2881 829 2955; x_wconf 88' lang='lat' dir='ltr'><strong>frequentissime</strong></span> <span class='ocrx_word' id='word_1_236' title='bbox 844 2880 1085 2952; x_wconf 88' lang='lat' dir='ltr'><strong>declamaverint,</strong></span> 
     </span>
    </p>

    <p class='ocr_par' dir='ltr' id='par_1_8' title="bbox 27 2969 1140 3315">
     <span class='ocr_line' id='line_1_31' title="bbox 27 2969 1140 3047; baseline 0.003 -19"><span class='ocrx_word' id='word_1_237' title='bbox 27 2971 202 3044; x_wconf 69' lang='lat' dir='ltr'><strong>secrodunt,</strong></span> <span class='ocrx_word' id='word_1_238' title='bbox 225 2988 295 3029; x_wconf 91' lang='lat' dir='ltr'><strong>cum</strong></span> <span class='ocrx_word' id='word_1_239' title='bbox 318 2970 468 3046; x_wconf 87' lang='lat' dir='ltr'><strong>profectus</strong></span> <span class='ocrx_word' id='word_1_240' title='bbox 491 2971 651 3045; x_wconf 88' lang='lat' dir='ltr'><strong>praecipue</strong></span> <span class='ocrx_word' id='word_1_241' title='bbox 675 2969 832 3047; x_wconf 84' lang='lat' dir='ltr'><strong>diligentia</strong></span> <span class='ocrx_word' id='word_1_242' title='bbox 863 2972 986 3027; x_wconf 90' lang='lat' dir='ltr'><strong>constet.</strong></span> <span class='ocrx_word' id='word_1_243' title='bbox 1014 2987 1085 3026; x_wconf 89' lang='lat' dir='ltr'><strong>nam</strong></span> <span class='ocrx_word' id='word_1_244' title='bbox 1120 2976 1140 3031; x_wconf 66' lang='lat'><strong>2</strong></span> 
     </span>
     <span class='ocr_line' id='line_1_32' title="bbox 64 3058 1084 3136; baseline -0.004 -17"><span class='ocrx_word' id='word_1_245' title='bbox 64 3063 100 3119; x_wconf 92' lang='lat' dir='ltr'><strong>ut</strong></span> <span class='ocrx_word' id='word_1_246' title='bbox 124 3059 253 3119; x_wconf 91' lang='lat' dir='ltr'><strong>scribere</strong></span> <span class='ocrx_word' id='word_1_247' title='bbox 277 3077 386 3136; x_wconf 90' lang='lat' dir='ltr'><strong>pueros</strong></span> <span class='ocrx_word' id='word_1_248' title='bbox 409 3059 631 3135; x_wconf 87' lang='lat' dir='ltr'><strong>plurimumque</strong></span> <span class='ocrx_word' id='word_1_249' title='bbox 656 3077 717 3118; x_wconf 89' lang='lat' dir='ltr'><strong>esse</strong></span> <span class='ocrx_word' id='word_1_250' title='bbox 741 3059 773 3116; x_wconf 92' lang='lat' dir='ltr'><strong>in</strong></span> <span class='ocrx_word' id='word_1_251' title='bbox 796 3059 852 3116; x_wconf 94' lang='lat' dir='ltr'><strong>hoc</strong></span> <span class='ocrx_word' id='word_1_252' title='bbox 880 3077 968 3133; x_wconf 87' lang='lat' dir='ltr'><strong>opere</strong></span> <span class='ocrx_word' id='word_1_253' title='bbox 995 3058 1084 3134; x_wconf 91' lang='lat' dir='ltr'><strong>plane</strong></span> 
     </span>
     <span class='ocr_line' id='line_1_33' title="bbox 64 3146 1084 3223; baseline -0.003 -15"><span class='ocrx_word' id='word_1_254' title='bbox 64 3149 167 3223; x_wconf 83' lang='lat' dir='ltr'><strong>velim,</strong></span> <span class='ocrx_word' id='word_1_255' title='bbox 200 3148 243 3207; x_wconf 92' lang='lat' dir='ltr'><strong>sic</strong></span> <span class='ocrx_word' id='word_1_256' title='bbox 279 3148 410 3207; x_wconf 90' lang='lat' dir='ltr'><strong>ediscere</strong></span> <span class='ocrx_word' id='word_1_257' title='bbox 443 3149 552 3208; x_wconf 86' lang='lat' dir='ltr'><strong>electos</strong></span> <span class='ocrx_word' id='word_1_258' title='bbox 584 3167 619 3206; x_wconf 87' lang='lat' dir='ltr'><strong>ex</strong></span> <span class='ocrx_word' id='word_1_259' title='bbox 653 3147 838 3206; x_wconf 86' lang='lat' dir='ltr'><strong>orationibus</strong></span> <span class='ocrx_word' id='word_1_260' title='bbox 871 3148 918 3205; x_wconf 90' lang='lat' dir='ltr'><strong>ve]</strong></span> <span class='ocrx_word' id='word_1_261' title='bbox 951 3146 1084 3205; x_wconf 88' lang='lat' dir='ltr'><strong>historiis</strong></span> 
     </span>
     <span class='ocr_line' id='line_1_34' title="bbox 64 3236 1084 3315; baseline -0.005 -18"><span class='ocrx_word' id='word_1_262' title='bbox 64 3239 166 3297; x_wconf 89' lang='lat' dir='ltr'><strong>aliove</strong></span> <span class='ocrx_word' id='word_1_263' title='bbox 197 3256 255 3312; x_wconf 92' lang='lat' dir='ltr'><strong>quo</strong></span> <span class='ocrx_word' id='word_1_264' title='bbox 284 3257 391 3315; x_wconf 83' lang='lat' dir='ltr'><strong>genere</strong></span> <span class='ocrx_word' id='word_1_265' title='bbox 424 3237 584 3315; x_wconf 81' lang='lat' dir='ltr'><strong>dignorum</strong></span> <span class='ocrx_word' id='word_1_266' title='bbox 616 3256 651 3295; x_wconf 91' lang='lat' dir='ltr'><strong>ea</strong></span> <span class='ocrx_word' id='word_1_267' title='bbox 682 3255 752 3295; x_wconf 89' lang='lat' dir='ltr'><strong>cura</strong></span> <span class='ocrx_word' id='word_1_268' title='bbox 784 3236 972 3296; x_wconf 90' lang='lat' dir='ltr'><strong>voluminum</strong></span> <span class='ocrx_word' id='word_1_269' title='bbox 1004 3236 1084 3293; x_wconf 91' lang='lat' dir='ltr'><strong>locos</strong></span> 
     </span>
    </p>
   </div>
   <div class='ocr_carea' id='block_1_5' title="bbox 63 3368 1085 3584">
    <p class='ocr_par' dir='ltr' id='par_1_9' title="bbox 63 3368 1085 3584">
     <span class='ocr_line' id='line_1_35' title="bbox 139 3368 1085 3441; baseline -0.006 -15"><span class='ocrx_word' id='word_1_270' title='bbox 139 3371 339 3440; x_wconf 64' lang='lat' dir='ltr'><strong>trcprehend.</strong></span> <span class='ocrx_word' id='word_1_271' title='bbox 359 3380 436 3425; x_wconf 80' lang='lat' dir='ltr'><strong>m</strong></span> <span class='ocrx_word' id='word_1_272' title='bbox 508 3377 540 3424; x_wconf 78' lang='lat'><strong>14</strong></span> <span class='ocrx_word' id='word_1_273' title='bbox 559 3371 636 3441; x_wconf 87' lang='lat' dir='ltr'><strong>ipsos</strong></span> <span class='ocrx_word' id='word_1_274' title='bbox 659 3380 697 3425; x_wconf 80' lang='lat' dir='ltr'><strong>A:</strong></span> <span class='ocrx_word' id='word_1_275' title='bbox 717 3388 764 3424; x_wconf 90' lang='lat' dir='ltr'><strong>eos</strong></span> <span class='ocrx_word' id='word_1_276' title='bbox 787 3380 841 3423; x_wconf 82' lang='lat' dir='ltr'><strong>BP</strong></span> <span class='ocrx_word' id='word_1_277' title='bbox 913 3375 945 3422; x_wconf 88' lang='grc'><strong>16</strong></span> <span class='ocrx_word' id='word_1_278' title='bbox 965 3368 1085 3421; x_wconf 90' lang='lat' dir='ltr'><strong>dicenda</strong></span> 
     </span>
     <span class='ocr_line' id='line_1_36' title="bbox 63 3441 1085 3514; baseline -0.007 -16"><span class='ocrx_word' id='word_1_279' title='bbox 63 3443 203 3514; x_wconf 88' lang='lat' dir='ltr'><strong>viderint]</strong></span> <span class='ocrx_word' id='word_1_280' title='bbox 229 3442 376 3497; x_wconf 84' lang='lat' dir='ltr'><strong>diviserint</strong></span> <span class='ocrx_word' id='word_1_281' title='bbox 404 3443 518 3497; x_wconf 82' lang='lat' dir='ltr'><strong>Meister</strong></span> <span class='ocrx_word' id='word_1_282' title='bbox 624 3448 655 3494; x_wconf 74' lang='lat'><strong>17</strong></span> <span class='ocrx_word' id='word_1_283' title='bbox 676 3444 707 3495; x_wconf 86' lang='lat' dir='ltr'><strong>at</strong></span> <span class='ocrx_word' id='word_1_284' title='bbox 725 3442 749 3495; x_wconf 83' lang='lat' dir='ltr'><strong>ei</strong></span> <span class='ocrx_word' id='word_1_285' title='bbox 768 3451 789 3493; x_wconf 78' lang='grc' dir='ltr'><em>Α</em></span> <span class='ocrx_word' id='word_1_286' title='bbox 903 3446 936 3492; x_wconf 81' lang='lat'><strong>22</strong></span> <span class='ocrx_word' id='word_1_287' title='bbox 956 3441 1085 3508; x_wconf 85' lang='lat' dir='ltr'><strong>expertos</strong></span> 
     </span>
     <span class='ocr_line' id='line_1_37' title="bbox 64 3513 484 3584; baseline -0.014 -12"><span class='ocrx_word' id='word_1_288' title='bbox 64 3515 206 3584; x_wconf 62' lang='lat' dir='ltr'><strong>spatum</strong></span> <span class='ocrx_word' id='word_1_289' title='bbox 277 3519 311 3568; x_wconf 77' lang='lat'><strong>26</strong></span> <span class='ocrx_word' id='word_1_290' title='bbox 328 3513 366 3567; x_wconf 86' lang='lat' dir='ltr'><strong>iis</strong></span> <span class='ocrx_word' id='word_1_291' title='bbox 382 3521 484 3567; x_wconf 75' lang='lat' dir='ltr'><strong>Bnlt&#39;c</strong></span> 
     </span>
    </p>
   </div>
   <div class='ocr_carea' id='block_1_6' title="bbox 0 0 1240 3854">
    <p class='ocr_par' dir='ltr' id='par_1_10' title="bbox 0 0 1240 3854">
     <span class='ocr_line' id='line_1_38' title="bbox 0 0 1240 3854; baseline 0 0"><span class='ocrx_word' id='word_1_292' title='bbox 0 0 1240 3854; x_wconf 95' lang='lat' dir='ltr'><strong> </strong></span> 
     </span>
    </p>
   </div>
  </div>
 </body>
</html>
