2460 3854
374 106 405 179 [Ι.
434 112 592 172 sac-31.
631 112 771 174 s,1-r.·
1034 107 1075 171 19

97 265 189 338 [QVA
207 265 373 320 RATIONE
391 266 432 320 IN
449 266 582 320 PARVIS
601 266 756 320 INGENIA
773 266 1034 322 DINOSOANTVR

307 338 354 391 ΕΤ
374 337 472 403 QVAE
491 337 712 392 TRACTANDA
731 337 835 410 sinn]

122 453 179 512 ΙΠ.
208 452 332 511 Tradite
356 452 414 512 sibi
435 472 528 528 puero
552 453 677 513 docendi
699 455 813 529 peritus
836 455 990 532 ingenium
1013 455 1108 514 eiusl

52 545 87 601 in
110 542 217 617 primis
240 546 438 617 naturamque
457 543 624 619 perspiciet·
654 544 770 620 ingenii
788 545 907 620 signum
924 544 956 602 in
974 546 1076 620 parvis

27 632 252 708 spraecipuum
274 632 418 690 memoria
441 634 499 690 est:
523 634 587 690 eius
611 631 720 706 duplex
743 633 848 706 virtus,
870 632 959 691 facile
982 633 1076 708 perci-

54 740 126 796 pere
156 724 187 780 et
216 719 345 779 fideliter
374 723 532 780 continere.
573 722 741 796 proximum
770 720 915 779 imitatio:
945 740 1016 781 nam
1045 722 1077 780 id

56 828 176 885 quoque
200 812 244 868 991
267 808 372 868 docilis
395 813 529 883 natiuae,
557 811 600 868 sic
621 813 732 885 temen,
755 814 790 867 ut
813 829 856 884 ca,
880 829 957 886 quae
980 810 1078 885 discit,

54 898 191 976 effingat,
220 917 281 956 non
309 898 447 956 habitum
475 899 552 957 forte
583 901 612 957 et
641 901 809 976 ingressum
838 902 869 957 et
896 901 922 957 si
950 900 1022 974 qnid
1044 901 1077 958 in

54 989 143 1063 peius
173 987 306 1046 notabile
337 991 389 1047 est.
430 1006 491 1046 non
521 987 605 1046 dabit
631 988 707 1045 mihi
735 1006 818 1063 spem
840 988 936 1047 bonae
958 989 1110 1063 11191192

16 1076 110 1152 requi
140 1076 197 1136 hoo
223 1076 363 1135 imitandi
390 1074 489 1136 studio
512 1080 603 1151 petet,
632 1080 667 1135 nt
688 1077 830 1136 rideatur.
871 1097 943 1136 nam
965 1076 1077 1153 probus

55 1183 177 1240 quoque
207 1166 239 1222 in
268 1165 373 1241 primis
404 1166 461 1224 erit
490 1166 542 1224 ille
572 1185 640 1224 1919
667 1167 847 1242 ingeniosus,
881 1167 994 1242 alioqui
1017 1187 1077 1226 191

54 1255 142 1331 99119
162 1253 296 1313 duxerim
314 1254 396 1312 tardi
414 1272 477 1313 esse
495 1255 608 1332 ingenii
627 1274 718 1330 quam
736 1256 818 1315 mali.
846 1256 956 1331 probus
976 1260 1077 1315 autem

56 1344 94 1403 ab
117 1343 173 1403 illo
196 1344 280 1421 segni
303 1346 334 1402 et
356 1345 472 1402 iacente
495 1343 660 1418 plurimum
683 1342 786 1403 aberit.
823 1345 872 1403 bic
894 1365 977 1406 meus
1001 1346 1111 1421 quaed

55 1432 215 1492 tradentur
244 1451 303 1492 non
334 1432 496 1492 difficulter
526 1433 660 1508 accipiet,
693 1434 842 1508 quaedam
872 1434 963 1493 etiam
985 1435 1077 1494 inter·

16 1542 42 1582 19
55 1521 191 1601 rogabit:
224 1525 364 1597 sequetur
395 1524 497 1581 tamen
528 1523 625 1600 magis
658 1541 750 1597 qnam
781 1527 960 1598 9199911191.
1001 1525 1076 1582 illud

55 1613 249 1690 ingeniorum
271 1611 355 1671 velut
377 1629 504 1689 praecox
527 1630 621 1689 genus
644 1629 703 1669 non
722 1615 832 1670 temere
850 1632 994 1688 umquam
1012 1631 1077 1689 per·

55 1702 141 1761 venit
174 1699 212 1758 ad
241 1699 366 1776 frugem.
408 1701 441 1758 hi
474 1704 543 1759 sunt
581 1702 632 1776 qui
661 1719 757 1776 parva
785 1703 874 1759 facile
903 1702 1019 1760 faciunt
1048 1700 1111 1760 914

57 1789 185 1848 audacia
207 1790 342 1865 provecti
366 1788 511 1865 quidquid
534 1790 611 1848 illud
633 1792 758 1866 possunt
781 1791 885 1849 statim
909 1790 1078 1865 ostendunt,

55 1882 184 1954 9999111
213 1880 315 1937 autem
343 1878 375 1936 id
405 1878 533 1952 demum,
566 1879 644 1954 quod
674 1880 706 1936 in
733 1881 868 1955 proximo
892 1882 950 1938 est:
986 1878 1079 1938 verba

17 1988 42 2028 99
55 1968 244 2041 9911111911,
271 1967 343 2026 haec
371 1968 458 2027 vultu
480 1968 629 2041 interrito,
656 1967 740 2026 nulla
763 1969 876 2026 tardati
898 1968 1079 2027 verecundia

54 2057 227 2133 proferunt:
259 2075 319 2115 non
348 2056 477 2115 multum
504 2058 668 2132 praestant,
698 2056 749 2116 sed
780 2057 853 2131 cit03
884 2076 945 2115 non
976 2057 1112 2115 subestb

55 2163 129 2205 vera
158 2147 287 2211 119199
314 2145 434 2219 penitus
461 2147 592 2205 inmissis
619 2145 768 2205 radicibus
796 2148 913 2220 nititur,
943 2149 977 2204 ut
1001 2165 1079 2221 quae

55 2253 175 2294 summo
202 2234 266 2293 solo
294 2253 398 2308 sparsa
425 2238 496 2292 sunt
523 2236 637 2303 semina
660 2235 786 2295 celerius
809 2253 840 2293 99
864 2235 1020 2293 effundunt
1048 2238 1079 2294 91

55 2322 197 2382 imitatae
233 2323 329 2398 991999
366 2322 507 2382 herbulae
544 2324 682 2382 inanibus
720 2325 820 2383 aristis
853 2328 923 2383 ante
952 2343 1078 2384 messem

18 2433 42 2474 ss
56 2413 231 2472 flavescunt.
254 2412 375 2488 placent
397 2413 470 2471 haec
491 2414 577 2471 9111119
596 2415 782 2488 comparata3
806 2413 911 2472 deinde
930 2416 1078 2488 9191919-

55 2503 164 2574 fectus,
187 2501 346 2562 admiratio
369 2501 520 2561 decrescit.

125 2590 209 2650 Haec
232 2608 300 2650 cum
318 2591 572 2664 animadverterit,
596 2590 758 2665 perspiciat
777 2590 923 2666 deinceps,
946 2595 1112 2666 quonamd

55 2679 147 2740 modo
177 2679 351 2739 tractandus
375 2681 415 2739 sit
437 2680 577 2739 discentis
602 2682 725 2738 animus.
768 2684 838 2739 sunt
860 2680 992 2755 quidam,
1018 2681 1078 2739 nisi

55 2769 215 2845 institeris,
242 2769 367 2843 remissi,
397 2769 519 2844 quidam
546 2769 672 2843 imperia
699 2768 903 2846 indignantur,
934 2769 1078 2844 quosdam

18 2880 43 2920 sc
57 2860 194 2918 99111191
220 2861 325 2932 metus,
356 2857 500 2933 quosdam
531 2858 678 2932 debilitat,
708 2857 783 2917 91199
814 2859 999 2917 continuatio
1030 2878 1077 2916 ex-

56 2947 170 3021 tundit,
197 2949 230 3006 in
257 2947 326 3008 aliis
348 2948 416 3022 plus
438 2947 568 3021 impetus
591 2948 672 3006 facit.
715 2948 789 3006 mibi
811 2947 862 3005 ille
887 2948 973 3006 detur
995 2967 1079 3022 puer,

57 3055 148 3113 quem
178 3037 245 3095 1919
276 3036 392 3110 excitet,
422 3055 510 3111 quem
541 3036 638 3113 gloria
666 3037 758 3109 iuvet,
789 3037 842 3110 qni
871 3038 968 3096 victus
998 3037 1077 3096 11991.

56 3127 107 3186 hic
130 3126 191 3184 erit
218 3124 341 3185 alendus
364 3125 488 3201 ambitu,
519 3126 597 3184 hunc
620 3125 768 3184 mordebit
791 3125 969 3202 obiurgatio,
998 3126 1111 3186 hunc?
1184 3142 1185 3145 ’

56 3217 155 3274 honor
178 3213 329 3289 excitabit,
352 3217 383 3273 in
406 3215 462 3273 boc
485 3214 631 3274 desidiam
653 3233 817 3290 numquam
839 3214 970 3273 verebor.
1040 3256 1045 3266 „

130 3426 149 3474 4
167 3419 322 3491 prospiciet
339 3429 388 3474 Bn
413 3421 568 3489 perspiciet
585 3421 617 3474 c'n
635 3419 793 3492 prospiciet
811 3437 872 3478 corr
891 3436 996 3474 919999
1015 3421 1092 3473 9911-

57 3510 114 3562 999
131 3500 179 3554 115
248 3495 283 3544 16
297 3494 446 3560 procurret
461 3501 492 3546 B
564 3499 599 3550 23
618 3494 750 3552 fundunt
769 3505 795 3550 Α

912 3584 952 3640 ςλῆ
