2460 3854
456 144 477 197 L
507 149 550 210 10,
570 149 684 203 18-31.
1034 145 1075 208 61

53 315 207 372 consentit
230 332 296 372 cum
319 331 430 386 eorum,
453 332 532 388 quae
554 312 702 388 dicuntur,
726 313 899 373 adfectibus.
937 316 1023 390 atqui
1046 315 1078 372 in
1092 321 1131 377 25

53 403 171 461 orando
195 421 313 478 quoque
335 402 463 460 intentio
486 405 578 476 vocis,
603 404 748 478 remissio,
770 403 862 461 flexus
886 404 1016 479 pertinet
1040 403 1078 461 ad

54 491 221 551 movendos
244 492 431 550 audientium
453 490 596 566 adfectus,
620 493 738 568 aliaque
762 496 792 551 et
814 492 1028 551 conlocationis
1048 497 1078 551 et

54 582 147 656 vocis,
180 583 216 639 ut
247 581 351 640 eodem
382 584 452 639 utar
483 581 582 655 verbo,
614 581 816 639 modulatione
848 581 1078 640 concitationem

30 670 175 744 sindicis,
209 669 269 727 aha
300 669 533 728 misericordiam
564 671 703 744 petimus,
735 689 802 728 cum
830 671 921 728 etiam
949 672 1078 747 organis

56 759 166 835 quibus
191 777 286 816 sermo
310 759 437 834 exprimi
459 778 518 817 nou
541 763 649 834 potest,
677 758 765 818 adfici
788 761 903 818 animos
926 761 958 816 in
982 759 1077 819 diver-

57 868 123 907 sum
145 847 285 906 habitum
307 849 477 906 sentiamus,
511 849 643 922 corporis
667 867 784 924 quoque
807 852 896 924 aptus
920 852 949 905 et
972 848 1077 907 decens
1092 857 1132 911 26

57 942 165 1010 motus,
189 938 242 1012 qui
260 937 370 996 dicitur
388 934 548 1014 εὐρυθμία,
572 941 603 995 et
621 939 667 996 est
685 939 866 996 necessarius
885 956 938 995 nec
957 936 1077 995 aliunde

56 1028 121 1104 peti
147 1028 261 1101 potest:
296 1027 328 1083 in
356 1045 416 1101 quo
442 1044 512 1100 pars
540 1028 666 1085 actionis
692 1045 753 1084 non
780 1028 905 1084 minima
932 1026 1078 1100 consistit,

25 1134 117 1192 ioqua
141 1115 179 1173 de
201 1134 234 1172 re
257 1117 403 1190 sepositus
426 1114 512 1173 nobis
536 1118 581 1174 est
604 1115 694 1173 locus.
732 1134 796 1192 age,
820 1135 880 1174 non
902 1115 1024 1173 habebit
1046 1115 1078 1172 in
1093 1124 1129 1178 27

56 1206 165 1281 primis
189 1222 291 1262 curam
313 1205 394 1263 vocis
418 1201 540 1262 orator?
572 1204 645 1279 quid
666 1208 730 1262 tam
753 1207 879 1263 musices
902 1202 1078 1279 proprium?

56 1295 108 1353 sed
135 1313 175 1352 ne
202 1292 276 1351 haec
303 1293 423 1369 quidem
449 1293 664 1368 praesumenda
687 1312 757 1368 pars
781 1296 838 1352 est:
874 1312 934 1350 uno
956 1294 1078 1351 interim

57 1381 193 1442 contenti
216 1384 307 1440 simus
331 1383 466 1458 exemplo
486 1381 517 1440 (l.
531 1381 666 1454 Gracchi,
689 1384 842 1457 praecipui
866 1401 985 1440 suorum
1004 1384 1078 1440 tem·

56 1491 166 1546 porum
190 1473 325 1544 oratoris,
348 1473 397 1529 cui
419 1471 606 1530 contionanti
628 1474 791 1530 consistens
813 1475 882 1547 post
902 1491 969 1530 eum
987 1472 1078 1530 musi·

25 1579 43 1618 u
56 1580 109 1620 cus
132 1560 244 1633 fistula,
272 1579 361 1635 quem
385 1559 524 1637 covoipiov
547 1564 664 1635 vocant,
692 1561 804 1634 modos,
828 1561 935 1637 quibus
958 1561 1080 1619 deberet

55 1649 188 1723 intendi,
223 1648 428 1724 ministrabat,
468 1651 541 1709 haec
578 1651 606 1708 ei
643 1669 714 1708 cura
745 1650 824 1708 inter
859 1650 1078 1709 turbidissimas
1093 1658 1131 1713 28

56 1740 194 1798 actiones
216 1739 264 1796 vel
287 1741 412 1797 terrenti
436 1741 595 1814 optimates
618 1739 666 1797 vel
689 1741 750 1796 iam
773 1739 892 1797 timenti
915 1739 981 1798 fuit.
1004 1739 1079 1797 libet

55 1830 184 1903 propter
202 1828 347 1903 quosdam
365 1829 563 1902 imperitiores
587 1828 679 1886 etiam
704 1824 880 1905 ‘crassiore’,
904 1832 938 1887 ut
961 1831 1078 1902 vocant,

56 1911 170 1975 ‘Musa'
200 1915 416 1975 dubitationem
438 1917 527 1976 huius
550 1917 692 1976 utilitatis
717 1920 851 1976 eximere.
882 1936 952 1974 nam
975 1920 1078 1992 poetas
1093 1926 1133 1980 22

16 2022 42 2065 ro
56 2009 140 2065 certe
162 2005 303 2082 legendos
327 2007 441 2064 oratori
463 2007 564 2065 futuro
589 2009 800 2066 concesserint:
837 2027 908 2064 num
931 2008 1025 2084 igitur
1047 2007 1079 2063 hi

57 2098 123 2154 sine
147 2093 279 2153 musice?
303 2113 337 2153 ac
361 2097 387 2153 si
410 2097 476 2170 quis
499 2099 562 2153 tam
586 2114 689 2154 caecus
714 2097 807 2153 animi
825 2099 878 2169 cst,
902 2097 937 2153 ut
956 2095 991 2153 de
1011 2095 1078 2152 aliis

57 2184 186 2257 dubitet,
213 2184 282 2242 illos
310 2187 396 2257 certe,
424 2186 477 2259 qui
505 2185 637 2243 carmina
660 2185 697 2243 ad
720 2185 819 2260 lyram
842 2186 1077 2259 composuerunt.

56 2275 134 2332 haec
158 2273 271 2331 diutius
294 2274 393 2331 forent
416 2273 549 2346 dicenda,
578 2276 604 2332 si
625 2274 683 2332 hoc
706 2274 839 2332 studium
862 2274 946 2332 velut
968 2292 1078 2331 novum

56 2362 270 2439 praeciperem.
304 2381 371 2421 cum
394 2382 464 2420 vero
488 2365 654 2439 antiquitus
679 2381 771 2439 usque
795 2382 813 2421 a
838 2361 964 2422 Chirone
988 2367 1077 2437 atque
1093 2371 1132 2427 80

12 2468 41 2512 aa
56 2452 178 2510 Achille
207 2451 244 2508 ad
272 2455 374 2510 nostra
397 2455 533 2527 tempora
557 2453 636 2527 apud
660 2454 764 2526 omnis,
793 2453 845 2527 qui
867 2451 955 2510 modo
979 2452 1078 2530 legiti-

56 2561 141 2600 mam
165 2540 352 2615 disciplinam
376 2560 436 2599 non
459 2543 520 2599 sint
542 2542 648 2616 perosi,
672 2541 833 2613 duraverit,
856 2560 916 2598 non
938 2544 982 2599 est
1001 2559 1079 2600 oom-

56 2629 248 2703 mittendum,
277 2633 311 2688 ut
338 2630 392 2687 illa
419 2630 510 2688 dubia
532 2631 642 2688 faciam
665 2631 845 2689 defensionis
869 2630 1077 2689 sollicitudine.

57 2721 199 2796 quamvis
223 2722 321 2776 autem
345 2721 418 2778 satis
439 2721 501 2777 iam
520 2738 554 2777 er
573 2721 654 2795 ipsis,
679 2719 787 2794 quibus
807 2738 872 2778 sum
891 2720 978 2778 modo
997 2738 1077 2793 nsua,
1092 2727 1129 2783 81

58 2808 203 2883 exemplis
227 2807 344 2866 credam
368 2827 430 2866 esse
453 2809 653 2881 manifestum,
682 2827 758 2883 quae
781 2809 855 2867 mihi
879 2812 909 2867 et
933 2812 1078 2884 quatenus

13 2917 43 2958 ao
57 2898 173 2957 musice
191 2897 317 2971 placeat,
337 2897 468 2971 apertius
486 2901 587 2955 tamen
607 2897 804 2973 profitendum
822 2902 905 2973 puto,
925 2916 984 2956 non
1003 2898 1079 2956 hanc

58 3007 78 3046 a
107 3006 156 3044 me
183 2987 325 3061 praecipi,
367 3006 442 3062 quae
473 3005 550 3045 nuuc
578 2988 610 3045 in
638 2988 751 3046 scaenis
780 2987 950 3046 effeminata
978 2990 1007 3045 et
1034 2987 1078 3044 in-

58 3075 179 3153 pudicis
209 3075 304 3134 modis
334 3076 431 3134 fracta
460 3094 520 3133 non
551 3095 584 3134 ex
614 3079 699 3152 parte
729 3076 862 3150 minima,
894 3078 921 3135 si
948 3077 1021 3150 quid
1047 3078 1078 3133 in

58 3165 148 3224 nobis
180 3165 276 3222 virilis
307 3164 422 3223 roboris
453 3165 608 3241 manebat,
641 3166 765 3241 excidit,
802 3165 853 3225 sed
885 3184 945 3241 qna
976 3165 1102 3225 laudes'

135 3387 272 3441 diudicie
290 3398 326 3441 A:
355 3387 404 3440 iud
423 3398 451 3441 Β
490 3387 614 3441 iudicum
633 3398 661 3441 P
732 3394 746 3441 7
767 3390 861 3471 aptus]
882 3389 966 3471 'actus
985 3398 1008 3439 A

61 3464 95 3514 10
117 3475 170 3529 age
188 3476 244 3511 non
263 3469 298 3512 A:
319 3459 444 3528 agendus
463 3460 528 3511 BP¹
561 3475 613 3528 age
633 3459 656 3512 si
675 3469 695 3512 s
768 3467 801 3514 16
819 3459 1001 3512 ministrabat
1016 3469 1081 3514 ΒΡι

59 3529 239 3585 monstrabat
254 3540 277 3581 A
369 3536 403 3584 17
421 3530 478 3585 fuit
496 3540 560 3588 BP:
585 3531 696 3603 proluit
716 3543 739 3588 A
829 3537 868 3588 22
883 3529 1042 3603 ips'iethixs
1055 3538 1101 3580 aa
