2460 3854
372 151 374 157 .
454 107 502 164 lv.
523 115 547 178 1,
567 115 680 166 11-11,
1014 110 1075 175 191

64 280 154 356 plum,
178 281 340 356 praecipue
371 283 482 352 tamen,
514 280 541 337 si
572 277 660 336 iudex
690 283 744 339 aut
775 298 830 339 sua
857 282 920 339 vice
951 284 1004 339 aut
1035 283 1080 338 rei
1128 316 1131 324 ·

63 369 200 445 publicae
219 370 430 442 commovetur,
445 370 529 426 cuius
548 369 665 427 animus
684 388 744 443 spe,
763 372 853 442 metu,
867 370 1078 445 admonitione,

64 457 213 533 precibus,
242 459 377 517 vanitate
407 458 545 532 denique,
577 459 604 516 si
634 458 667 514 id
697 459 886 532 profuturum
919 458 1078 532 credemus,

65 545 224 623 agitandus
248 550 301 604 est.
325 550 394 605 sunt
417 547 523 604 111111
546 547 709 606 excitandis
743 547 780 605 ad
810 546 988 606 audiendum
1018 567 1077 606 non
1092 545 1132 601 14

36 636 195 709 1111111111,
223 637 251 693 11
272 653 326 693 nos
348 653 444 710 neque
468 635 520 692 diu
542 638 711 694 moraturos
734 655 830 711 neque
853 639 936 694 extra
959 654 1080 695 causam

65 725 197 784 dicturos
220 724 398 783 existiment
421 724 547 782 docilem
570 725 633 783 eine
656 724 746 783 dubio
771 728 800 782 et
818 725 891 783 haec
909 727 976 800 ipsa
994 743 1078 801 prae-

65 817 125 872 stat
148 815 287 886 attentio,
310 813 361 870 sed
384 816 414 872 11
432 812 516 886 illud,
539 815 566 872 si
588 812 719 873 breviter
737 817 767 872 11
785 814 914 872 dilucide
933 832 1080 871 summam

65 905 117 976 rei,
133 902 170 960 de
185 920 246 977 qua
261 920 436 978 cognoscere
451 901 565 975 debeat,
580 902 809 963 indicaverimus
824 894 918 983 (quod
934 902 1079 962 Homerus

66 995 156 1067 atque
180 990 331 1068 Vergilius
355 1009 477 1066 operum
507 1009 629 1051 suorum
656 993 812 1068 principiis
839 984 982 1072 faciunt):
1009 991 1133 1050 1111811

27 1084 91 1140 rcis
114 1083 178 1138 eius
202 1082 247 1138 rei
268 1081 373 1138 modus
397 1082 451 1152 est,
478 1082 513 1138 ut
539 1082 739 1156 propositioni
768 1081 895 1139 similior
922 1083 963 1140 sit
990 1101 1080 1156 quam

66 1170 256 1245 expositioni,
277 1187 332 1227 nec
354 1188 413 1244 quo
436 1169 524 1228 modo
548 1168 679 1245 quidque
698 1172 738 1228 sit
757 1174 864 1244 actum,
889 1170 940 1227 sed
958 1170 994 1228 de
1014 1172 1078 1244 qui-

67 1260 119 1318 bus
145 1257 279 1317 dicturus
302 1260 342 1317 sit
369 1261 472 1318 orator
498 1258 644 1317 ostendat.
677 1278 730 1318 nec
757 1259 844 1319 video
877 1258 958 1334 quod
989 1259 1080 1318 huius

65 1350 109 1407 rei
131 1348 228 1422 possit
251 1347 331 1423 apud
354 1350 487 1407 oratores
510 1348 633 1423 reperiri
661 1348 766 1406 melius
794 1349 963 1423 exemplum
990 1367 1080 1423 quam

67 1437 217 1496 Ciceronis
249 1455 303 1512 pro
333 1436 370 1496 A.
408 1437 553 1495 Cluentio.
592 1432 823 1512 ‘Animadverti,
860 1437 985 1510 iudices,
1019 1457 1079 1494 om·
1094 1437 1135 1491 36

28 1546 53 1586 rc
66 1545 134 1584 nem
185 1528 367 1584 accusatoris
422 1528 587 1585 orationem
641 1528 673 1583 in
724 1525 798 1585 duas
844 1526 972 1586 divisam
1018 1544 1079 1585 esse

65 1619 180 1691 partes:
227 1633 352 1690 quarum
398 1615 494 1674 altera
534 1615 610 1673 mihi
658 1617 716 1673 1111
764 1619 794 1674 11
842 1634 951 1692 magno
993 1634 1080 1691 opere

66 1703 213 1763 confidere
267 1704 425 1763 videbatur
473 1704 589 1762 invidia
643 1704 704 1762 iam
758 1707 926 1764 inveterata
976 1704 1080 1762 iudicii

65 1794 195 1864 luniani,
228 1792 322 1852 altera
349 1797 468 1853 tantum
494 1793 583 1852 modo
611 1793 832 1852 consuetudinis
860 1811 949 1852 causa
976 1793 1081 1852 timide

67 1886 96 1941 11
133 1880 304 1940 diffidenter
344 1884 493 1960 attingere
542 1884 689 1941 rationem
733 1882 869 1941 veneficii
914 1882 1081 1954 criminum,

31 1992 53 2031 11
67 1989 127 2047 qua
174 1971 210 2029 de
255 1989 287 2029 re
332 1973 398 2048 lege
444 1974 489 2030 est
533 1972 606 2029 haec
651 1972 787 2046 quaestio
833 1966 1017 2029 constituta'.
1050 1971 1081 2028 id

66 2064 168 2120 tamen
210 2063 308 2118 totum
354 2061 546 2136 respondenti
588 2061 707 2120 facilius
757 2063 801 2118 est
843 2077 934 2134 quam
974 2078 1081 2134 propo-

66 2151 158 2223 nenti,
190 2151 262 2224 quia
291 2149 339 2208 hic
371 2149 575 2209 admonendus
610 2150 711 2224 iudex,
743 2150 806 2207 11111
842 2149 990 2207 docendus
1028 2152 1080 2207 est.

67 2258 121 2298 nec
143 2257 192 2296 me
216 2257 400 2313 quamquam
426 2240 529 2310 magni
558 2242 693 2297 auctores
720 2241 752 2296 in
780 2239 836 2297 hoc
869 2237 1015 2312 duxerint,
1047 2239 1135 2295 1137

66 2347 126 2386 non
151 2346 267 2401 semper
290 2328 387 2386 facere
416 2330 566 2386 attentum
594 2347 628 2387 ac
661 2328 786 2387 docilem
817 2327 946 2385 iudicem
977 2327 1080 2385 velim:

31 2436 126 2478 11111
150 2417 224 2492 quia
246 2418 386 2490 nesciam,
408 2416 440 2474 id
463 2417 543 2492 quod
565 2417 602 2474 ab
625 2417 687 2476 illis
710 2417 820 2476 dicitur
843 2435 905 2475 esse
929 2436 983 2492 pro
1001 2417 1082 2474 mala

67 2525 167 2578 causa,
191 2505 288 2581 qualis
312 2524 348 2564 11
370 2506 412 2564 sit
433 2526 492 2565 non
516 2506 660 2584 intellegi,
688 2526 792 2565 verum
816 2506 886 2581 quia
913 2506 995 2564 istud
1022 2525 1081 2564 non

67 2595 260 2673 neglegentia
281 2595 390 2653 iudicis
413 2596 569 2673 contingit,
602 2596 652 2655 sed
676 2615 782 2654 errore.
814 2596 890 2674 dixit
919 2597 998 2653 enim
1030 2595 1081 2653 ad·
1096 2596 1138 2650 38

67 2685 217 2743 versarius
241 2686 271 2742 et
293 2684 421 2744 fortasse
440 2687 601 2760 persuasit:
625 2685 709 2744 nobis
729 2703 803 2760 opus
823 2687 867 2744 est
886 2687 950 2743 eius
964 2685 1083 2745 diversa

68 2774 218 2850 opinione,
242 2791 318 2848 quae
340 2773 452 2832 mutari
475 2794 534 2832 non
557 2777 666 2849 potest,
689 2774 747 2832 nisi
765 2775 851 2832 illum
870 2774 1025 2832 fecerimus
1045 2773 1083 2832 ad

34 2883 56 2922 ao
69 2883 113 2936 ea,
142 2881 219 2938 quae
242 2861 381 2938 dicemus,
410 2862 535 2921 docilem
564 2866 595 2920 et
621 2864 778 2920 intentum.
811 2862 884 2938 quid
918 2883 988 2940 ergo
1017 2861 1082 2921 est?

68 2951 264 3010 inminuenda
298 2952 444 3026 quaedam
479 2955 509 3010 11
535 2951 664 3010 levanda
691 2954 721 3010 11
752 2952 837 3026 quasi
869 2952 1083 3010 contemnende

69 3059 132 3100 esse
157 3041 309 3099 consentio
334 3041 371 3099 ad
394 3040 606 3099 remittendam
628 3040 824 3099 intentionem
847 3041 963 3115 iudicis,
991 3059 1087 3115 quam

143 3216 245 3277 1451

142 3358 158 3407 1
169 3353 308 3408 credimus
318 3363 369 3407 ΑΡ
413 3359 428 3406 6
439 3353 499 3406 sine
510 3352 596 3406 dubio
605 3351 676 3405 haec
686 3351 748 3421 ipsa
757 3353 951 3422 praestabunt,
963 3352 1087 3405 attentio

70 3428 99 3479 et
116 3424 320 3490 benevolentis,
346 3427 416 3494 th
436 3430 488 3477 423
561 3427 577 3476 8
596 3422 777 3477 indicarimus
795 3433 851 3476 BP
870 3424 1026 3476 indicemus
1050 3423 1088 3477 Vt

143 3497 329 3551 14A.omA1’
380 3501 413 3548 31
425 3494 562 3550 elevanda
570 3494 682 3550 Badius
732 3497 1098 3566 siquae—praestatori.
