<?xml version="1.0" encoding="UTF-8"?>
<!DOCTYPE html PUBLIC "-//W3C//DTD XHTML 1.0 Transitional//EN"
    "http://www.w3.org/TR/xhtml1/DTD/xhtml1-transitional.dtd">
<html xmlns="http://www.w3.org/1999/xhtml" xml:lang="en" lang="en">
 <head>
  <title>
</title>
<meta http-equiv="Content-Type" content="text/html;charset=utf-8" />
  <meta name='ocr-system' content='tesseract 3.04.00' />
  <meta name='ocr-capabilities' content='ocr_page ocr_carea ocr_par ocr_line ocrx_word'/>
</head>
<body>
  <div class='ocr_page' id='page_1' title='image "./mfabiqvintilian00quingoog_0302.png"; bbox 0 0 2438 3832; ppageno 0'>
   <div class='ocr_carea' id='block_1_1' title="bbox 464 124 1077 196">
    <p class='ocr_par' dir='ltr' id='par_1_1' title="bbox 464 124 1077 196">
     <span class='ocr_line' id='line_1_1' title="bbox 464 124 1077 196; baseline -0.002 -17"><span class='ocrx_word' id='word_1_1' title='bbox 464 125 498 180; x_wconf 86' lang='lat' dir='ltr'>v.</span> <span class='ocrx_word' id='word_1_2' title='bbox 518 130 559 196; x_wconf 77' lang='lat'>12,</span> <span class='ocrx_word' id='word_1_3' title='bbox 580 131 676 179; x_wconf 84' lang='lat'>1-11.</span> <span class='ocrx_word' id='word_1_4' title='bbox 1010 124 1077 189; x_wconf 81' lang='lat'>283</span> 
     </span>
    </p>
   </div>
   <div class='ocr_carea' id='block_1_2' title="bbox 24 289 1132 3040">
    <p class='ocr_par' dir='ltr' id='par_1_2' title="bbox 24 289 1132 3040">
     <span class='ocr_line' id='line_1_2' title="bbox 60 289 1076 371; baseline -0.001 -18"><span class='ocrx_word' id='word_1_5' title='bbox 60 289 199 354; x_wconf 86' lang='lat' dir='ltr'>sciebas’:</span> <span class='ocrx_word' id='word_1_6' title='bbox 231 293 350 371; x_wconf 78' lang='lat' dir='ltr'>singula</span> <span class='ocrx_word' id='word_1_7' title='bbox 371 294 452 354; x_wconf 85' lang='lat' dir='ltr'>levia</span> <span class='ocrx_word' id='word_1_8' title='bbox 474 296 545 353; x_wconf 90' lang='lat' dir='ltr'>sunt</span> <span class='ocrx_word' id='word_1_9' title='bbox 567 297 598 353; x_wconf 88' lang='lat' dir='ltr'>et</span> <span class='ocrx_word' id='word_1_10' title='bbox 624 296 804 369; x_wconf 88' lang='lat' dir='ltr'>communia,</span> <span class='ocrx_word' id='word_1_11' title='bbox 834 296 974 354; x_wconf 84' lang='lat' dir='ltr'>universa</span> <span class='ocrx_word' id='word_1_12' title='bbox 1005 313 1076 354; x_wconf 82' lang='lat' dir='ltr'>vero</span> 
     </span>
     <span class='ocr_line' id='line_1_3' title="bbox 61 383 994 461; baseline 0 -20"><span class='ocrx_word' id='word_1_13' title='bbox 61 385 180 456; x_wconf 85' lang='lat' dir='ltr'>nocent,</span> <span class='ocrx_word' id='word_1_14' title='bbox 202 384 295 442; x_wconf 80' lang='lat' dir='ltr'>etiam</span> <span class='ocrx_word' id='word_1_15' title='bbox 317 384 426 442; x_wconf 92' lang='lat' dir='ltr'>sinon</span> <span class='ocrx_word' id='word_1_16' title='bbox 448 386 485 442; x_wconf 90' lang='lat' dir='ltr'>ut</span> <span class='ocrx_word' id='word_1_17' title='bbox 505 383 638 458; x_wconf 85' lang='lat' dir='ltr'><strong>fulmine,</strong></span> <span class='ocrx_word' id='word_1_18' title='bbox 661 385 763 442; x_wconf 85' lang='lat' dir='ltr'>tamen</span> <span class='ocrx_word' id='word_1_19' title='bbox 786 386 821 442; x_wconf 90' lang='lat' dir='ltr'>ut</span> <span class='ocrx_word' id='word_1_20' title='bbox 843 384 994 461; x_wconf 79' lang='lat' dir='ltr'>grandine.</span> 
     </span>
     <span class='ocr_line' id='line_1_4' title="bbox 131 470 1130 549; baseline -0.004 -18"><span class='ocrx_word' id='word_1_21' title='bbox 131 470 284 542; x_wconf 79' lang='lat' dir='ltr'>Quaedam</span> <span class='ocrx_word' id='word_1_22' title='bbox 307 474 484 549; x_wconf 82' lang='lat' dir='ltr'>argumenta</span> <span class='ocrx_word' id='word_1_23' title='bbox 506 491 616 547; x_wconf 89' lang='lat' dir='ltr'>ponere</span> <span class='ocrx_word' id='word_1_24' title='bbox 639 474 712 532; x_wconf 89' lang='lat' dir='ltr'>satis</span> <span class='ocrx_word' id='word_1_25' title='bbox 735 476 876 531; x_wconf 89' lang='lat' dir='ltr'>nonest:</span> <span class='ocrx_word' id='word_1_26' title='bbox 905 472 1075 532; x_wconf 86' lang='lat' dir='ltr'>adiuvanda</span> <span class='ocrx_word' id='word_1_27' title='bbox 1111 473 1130 527; x_wconf 80' lang='lat' dir='ltr'>d</span> 
     </span>
     <span class='ocr_line' id='line_1_5' title="bbox 62 555 1076 637; baseline -0.001 -17"><span class='ocrx_word' id='word_1_28' title='bbox 62 563 146 635; x_wconf 74' lang='lat' dir='ltr'>sunt,</span> <span class='ocrx_word' id='word_1_29' title='bbox 169 564 205 620; x_wconf 87' lang='lat' dir='ltr'>ut</span> <span class='ocrx_word' id='word_1_30' title='bbox 224 556 384 636; x_wconf 79' lang='lat' dir='ltr'>‘cupiditas</span> <span class='ocrx_word' id='word_1_31' title='bbox 408 579 497 620; x_wconf 91' lang='lat' dir='ltr'>causa</span> <span class='ocrx_word' id='word_1_32' title='bbox 520 560 639 620; x_wconf 88' lang='lat' dir='ltr'>sceleris</span> <span class='ocrx_word' id='word_1_33' title='bbox 662 555 741 620; x_wconf 89' lang='lat' dir='ltr'>fuit’:</span> <span class='ocrx_word' id='word_1_34' title='bbox 773 581 848 637; x_wconf 90' lang='lat' dir='ltr'>quae</span> <span class='ocrx_word' id='word_1_35' title='bbox 871 562 911 621; x_wconf 89' lang='lat' dir='ltr'>sit</span> <span class='ocrx_word' id='word_1_36' title='bbox 934 563 979 621; x_wconf 85' lang='lat' dir='ltr'>vis</span> <span class='ocrx_word' id='word_1_37' title='bbox 1000 561 1076 636; x_wconf 82' lang='lat' dir='ltr'>eius3</span> 
     </span>
     <span class='ocr_line' id='line_1_6' title="bbox 34 645 1076 726; baseline -0.002 -16"><span class='ocrx_word' id='word_1_38' title='bbox 34 645 143 710; x_wconf 76' lang='lat' dir='ltr'>s‘ira&#39;:</span> <span class='ocrx_word' id='word_1_39' title='bbox 167 652 313 726; x_wconf 89' lang='lat' dir='ltr'>quantum</span> <span class='ocrx_word' id='word_1_40' title='bbox 335 649 448 710; x_wconf 86' lang='lat' dir='ltr'>efficiat</span> <span class='ocrx_word' id='word_1_41' title='bbox 468 650 501 708; x_wconf 93' lang='lat' dir='ltr'>in</span> <span class='ocrx_word' id='word_1_42' title='bbox 524 651 631 710; x_wconf 88' lang='lat' dir='ltr'>animis</span> <span class='ocrx_word' id='word_1_43' title='bbox 658 650 813 709; x_wconf 90' lang='lat' dir='ltr'>hominum</span> <span class='ocrx_word' id='word_1_44' title='bbox 840 650 911 711; x_wconf 91' lang='lat' dir='ltr'>talis</span> <span class='ocrx_word' id='word_1_45' title='bbox 939 649 1076 709; x_wconf 78' lang='lat' dir='ltr'>adfectio.</span> 
     </span>
     <span class='ocr_line' id='line_1_7' title="bbox 62 737 1077 815; baseline 0 -18"><span class='ocrx_word' id='word_1_46' title='bbox 62 741 106 798; x_wconf 87' lang='lat' dir='ltr'>ite</span> <span class='ocrx_word' id='word_1_47' title='bbox 130 740 161 797; x_wconf 89' lang='lat' dir='ltr'>et</span> <span class='ocrx_word' id='word_1_48' title='bbox 183 737 316 798; x_wconf 87' lang='lat' dir='ltr'>firmiora</span> <span class='ocrx_word' id='word_1_49' title='bbox 338 741 426 798; x_wconf 85' lang='lat' dir='ltr'>amnt</span> <span class='ocrx_word' id='word_1_50' title='bbox 456 740 521 814; x_wconf 88' lang='lat' dir='ltr'>ipsa</span> <span class='ocrx_word' id='word_1_51' title='bbox 552 742 582 798; x_wconf 93' lang='lat' dir='ltr'>et</span> <span class='ocrx_word' id='word_1_52' title='bbox 611 740 678 815; x_wconf 87' lang='lat' dir='ltr'>plus</span> <span class='ocrx_word' id='word_1_53' title='bbox 709 739 862 798; x_wconf 89' lang='lat' dir='ltr'>habebunt</span> <span class='ocrx_word' id='word_1_54' title='bbox 899 740 1021 813; x_wconf 88' lang='lat' dir='ltr'>decoris,</span> <span class='ocrx_word' id='word_1_55' title='bbox 1051 741 1077 799; x_wconf 89' lang='lat' dir='ltr'>si</span> 
     </span>
     <span class='ocr_line' id='line_1_8' title="bbox 62 827 1129 903; baseline -0.001 -18"><span class='ocrx_word' id='word_1_56' title='bbox 62 847 123 887; x_wconf 93' lang='lat' dir='ltr'>non</span> <span class='ocrx_word' id='word_1_57' title='bbox 144 827 240 887; x_wconf 81' lang='lat' dir='ltr'>nudos</span> <span class='ocrx_word' id='word_1_58' title='bbox 264 831 294 886; x_wconf 86' lang='lat' dir='ltr'>et</span> <span class='ocrx_word' id='word_1_59' title='bbox 316 827 399 888; x_wconf 86' lang='lat' dir='ltr'>velut</span> <span class='ocrx_word' id='word_1_60' title='bbox 417 847 504 887; x_wconf 84' lang='lat' dir='ltr'>cerne</span> <span class='ocrx_word' id='word_1_61' title='bbox 523 827 666 903; x_wconf 88' lang='lat' dir='ltr'>spoliatos</span> <span class='ocrx_word' id='word_1_62' title='bbox 685 831 768 888; x_wconf 89' lang='lat' dir='ltr'>artus</span> <span class='ocrx_word' id='word_1_63' title='bbox 787 829 978 888; x_wconf 78' lang='lat' dir='ltr'>ostenderint.</span> <span class='ocrx_word' id='word_1_64' title='bbox 999 828 1074 886; x_wconf 92' lang='lat' dir='ltr'>mul-</span> <span class='ocrx_word' id='word_1_65' title='bbox 1114 829 1129 884; x_wconf 78' lang='grc'><strong>7</strong></span> 
     </span>
     <span class='ocr_line' id='line_1_9' title="bbox 62 916 1077 994; baseline 0.001 -19"><span class='ocrx_word' id='word_1_66' title='bbox 62 920 129 975; x_wconf 90' lang='lat' dir='ltr'>tum</span> <span class='ocrx_word' id='word_1_67' title='bbox 152 917 245 976; x_wconf 85' lang='lat' dir='ltr'>etiam</span> <span class='ocrx_word' id='word_1_68' title='bbox 267 916 367 992; x_wconf 87' lang='lat' dir='ltr'>refert,</span> <span class='ocrx_word' id='word_1_69' title='bbox 390 916 416 976; x_wconf 91' lang='lat' dir='ltr'>si</span> <span class='ocrx_word' id='word_1_70' title='bbox 438 920 614 994; x_wconf 82' lang='lat' dir='ltr'>argumento</span> <span class='ocrx_word' id='word_1_71' title='bbox 637 919 768 976; x_wconf 89' lang='lat' dir='ltr'>nitemur</span> <span class='ocrx_word' id='word_1_72' title='bbox 790 918 865 993; x_wconf 91' lang='lat' dir='ltr'>odii,</span> <span class='ocrx_word' id='word_1_73' title='bbox 897 921 999 976; x_wconf 87' lang='lat' dir='ltr'>utrum</span> <span class='ocrx_word' id='word_1_74' title='bbox 1021 918 1077 976; x_wconf 91' lang='lat' dir='ltr'>hoc</span> 
     </span>
     <span class='ocr_line' id='line_1_10' title="bbox 63 1005 1076 1080; baseline -0.001 -16"><span class='ocrx_word' id='word_1_75' title='bbox 63 1025 97 1064; x_wconf 84' lang='lat' dir='ltr'>ex</span> <span class='ocrx_word' id='word_1_76' title='bbox 120 1005 236 1065; x_wconf 85' lang='lat' dir='ltr'>invidia</span> <span class='ocrx_word' id='word_1_77' title='bbox 259 1005 299 1066; x_wconf 88' lang='lat' dir='ltr'>sit</span> <span class='ocrx_word' id='word_1_78' title='bbox 322 1025 360 1065; x_wconf 90' lang='lat' dir='ltr'>an</span> <span class='ocrx_word' id='word_1_79' title='bbox 384 1026 420 1065; x_wconf 84' lang='lat' dir='ltr'>ex</span> <span class='ocrx_word' id='word_1_80' title='bbox 440 1005 551 1065; x_wconf 85' lang='lat' dir='ltr'>iniuria</span> <span class='ocrx_word' id='word_1_81' title='bbox 575 1026 613 1065; x_wconf 91' lang='lat' dir='ltr'>an</span> <span class='ocrx_word' id='word_1_82' title='bbox 637 1026 672 1064; x_wconf 87' lang='lat' dir='ltr'>ex</span> <span class='ocrx_word' id='word_1_83' title='bbox 695 1007 819 1080; x_wconf 88' lang='lat' dir='ltr'>ambitu,</span> <span class='ocrx_word' id='word_1_84' title='bbox 848 1009 934 1068; x_wconf 84' lang='lat' dir='ltr'>vetus</span> <span class='ocrx_word' id='word_1_85' title='bbox 963 1027 1001 1066; x_wconf 94' lang='lat' dir='ltr'>an</span> <span class='ocrx_word' id='word_1_86' title='bbox 1024 1025 1076 1064; x_wconf 92' lang='lat' dir='ltr'>no-</span> 
     </span>
     <span class='ocr_line' id='line_1_11' title="bbox 24 1095 1076 1171; baseline -0.001 -17"><span class='ocrx_word' id='word_1_87' title='bbox 24 1114 143 1170; x_wconf 83' lang='lat' dir='ltr'>rovnm,</span> <span class='ocrx_word' id='word_1_88' title='bbox 167 1095 308 1155; x_wconf 86' lang='lat' dir='ltr'>adversus</span> <span class='ocrx_word' id='word_1_89' title='bbox 329 1095 501 1154; x_wconf 88' lang='lat' dir='ltr'>inferiorem</span> <span class='ocrx_word' id='word_1_90' title='bbox 523 1115 624 1170; x_wconf 90' lang='lat' dir='ltr'>parem</span> <span class='ocrx_word' id='word_1_91' title='bbox 649 1095 839 1171; x_wconf 89' lang='lat' dir='ltr'>superiorem,</span> <span class='ocrx_word' id='word_1_92' title='bbox 863 1097 995 1155; x_wconf 90' lang='lat' dir='ltr'>alienum</span> <span class='ocrx_word' id='word_1_93' title='bbox 1008 1114 1076 1171; x_wconf 91' lang='lat' dir='ltr'>pro-</span> 
     </span>
     <span class='ocr_line' id='line_1_12' title="bbox 62 1184 1076 1260; baseline 0 -18"><span class='ocrx_word' id='word_1_94' title='bbox 62 1185 218 1260; x_wconf 89' lang='lat' dir='ltr'>pinquum.</span> <span class='ocrx_word' id='word_1_95' title='bbox 249 1202 317 1243; x_wconf 90' lang='lat' dir='ltr'>suos</span> <span class='ocrx_word' id='word_1_96' title='bbox 345 1184 456 1242; x_wconf 88' lang='lat' dir='ltr'>habent</span> <span class='ocrx_word' id='word_1_97' title='bbox 479 1186 580 1244; x_wconf 94' lang='lat' dir='ltr'>omnia</span> <span class='ocrx_word' id='word_1_98' title='bbox 601 1186 661 1243; x_wconf 87' lang='lat' dir='ltr'>ista</span> <span class='ocrx_word' id='word_1_99' title='bbox 683 1187 833 1244; x_wconf 87' lang='lat' dir='ltr'>tractatus</span> <span class='ocrx_word' id='word_1_100' title='bbox 866 1188 896 1243; x_wconf 87' lang='lat' dir='ltr'>et</span> <span class='ocrx_word' id='word_1_101' title='bbox 926 1185 964 1244; x_wconf 89' lang='lat' dir='ltr'>ad</span> <span class='ocrx_word' id='word_1_102' title='bbox 994 1185 1076 1242; x_wconf 90' lang='lat' dir='ltr'>utili-</span> 
     </span>
     <span class='ocr_line' id='line_1_13' title="bbox 61 1272 1131 1349; baseline -0.003 -18"><span class='ocrx_word' id='word_1_103' title='bbox 61 1276 156 1332; x_wconf 82' lang='lat' dir='ltr'>tatem</span> <span class='ocrx_word' id='word_1_104' title='bbox 174 1273 271 1349; x_wconf 87' lang='lat' dir='ltr'>partis</span> <span class='ocrx_word' id='word_1_105' title='bbox 289 1273 362 1346; x_wconf 89' lang='lat' dir='ltr'>eius,</span> <span class='ocrx_word' id='word_1_106' title='bbox 382 1292 471 1348; x_wconf 90' lang='lat' dir='ltr'>quam</span> <span class='ocrx_word' id='word_1_107' title='bbox 489 1276 616 1348; x_wconf 90' lang='lat' dir='ltr'>tuemur,</span> <span class='ocrx_word' id='word_1_108' title='bbox 638 1273 793 1333; x_wconf 85' lang='lat' dir='ltr'>referenda</span> <span class='ocrx_word' id='word_1_109' title='bbox 807 1276 884 1333; x_wconf 90' lang='lat' dir='ltr'>sunt.</span> <span class='ocrx_word' id='word_1_110' title='bbox 902 1292 956 1333; x_wconf 92' lang='lat' dir='ltr'>nec</span> <span class='ocrx_word' id='word_1_111' title='bbox 974 1276 1076 1333; x_wconf 91' lang='lat' dir='ltr'>tamen</span> <span class='ocrx_word' id='word_1_112' title='bbox 1112 1272 1131 1328; x_wconf 90' lang='lat'><strong>8</strong></span> 
     </span>
     <span class='ocr_line' id='line_1_14' title="bbox 64 1361 1075 1440; baseline 0 -20"><span class='ocrx_word' id='word_1_113' title='bbox 64 1361 202 1420; x_wconf 91' lang='lat' dir='ltr'>omnibus</span> <span class='ocrx_word' id='word_1_114' title='bbox 221 1379 345 1437; x_wconf 86' lang='lat' dir='ltr'>semper,</span> <span class='ocrx_word' id='word_1_115' title='bbox 369 1381 444 1437; x_wconf 87' lang='lat' dir='ltr'>quae</span> <span class='ocrx_word' id='word_1_116' title='bbox 466 1363 677 1437; x_wconf 83' lang='lat' dir='ltr'>invenerimus,</span> <span class='ocrx_word' id='word_1_117' title='bbox 700 1363 884 1440; x_wconf 77' lang='lat' dir='ltr'>argumentis</span> <span class='ocrx_word' id='word_1_118' title='bbox 908 1362 1075 1422; x_wconf 89' lang='lat' dir='ltr'>onerandus</span> 
     </span>
     <span class='ocr_line' id='line_1_15' title="bbox 62 1450 1076 1527; baseline 0 -19"><span class='ocrx_word' id='word_1_119' title='bbox 62 1453 108 1510; x_wconf 87' lang='lat' dir='ltr'>est</span> <span class='ocrx_word' id='word_1_120' title='bbox 129 1450 228 1524; x_wconf 86' lang='lat' dir='ltr'>iudex,</span> <span class='ocrx_word' id='word_1_121' title='bbox 258 1450 331 1527; x_wconf 84' lang='lat' dir='ltr'>quia</span> <span class='ocrx_word' id='word_1_122' title='bbox 354 1453 384 1509; x_wconf 93' lang='lat' dir='ltr'>et</span> <span class='ocrx_word' id='word_1_123' title='bbox 405 1451 539 1510; x_wconf 85' lang='lat' dir='ltr'>taedium</span> <span class='ocrx_word' id='word_1_124' title='bbox 567 1451 707 1510; x_wconf 89' lang='lat' dir='ltr'>adferunt</span> <span class='ocrx_word' id='word_1_125' title='bbox 734 1454 765 1510; x_wconf 87' lang='lat' dir='ltr'>et</span> <span class='ocrx_word' id='word_1_126' title='bbox 790 1451 880 1510; x_wconf 91' lang='lat' dir='ltr'>fidem</span> <span class='ocrx_word' id='word_1_127' title='bbox 907 1451 1076 1510; x_wconf 88' lang='lat' dir='ltr'>detrahunt.</span> 
     </span>
     <span class='ocr_line' id='line_1_16' title="bbox 25 1540 1077 1616; baseline -0.001 -18"><span class='ocrx_word' id='word_1_128' title='bbox 25 1559 50 1598; x_wconf 84' lang='lat' dir='ltr'>rs</span> <span class='ocrx_word' id='word_1_129' title='bbox 63 1558 159 1615; x_wconf 88' lang='lat' dir='ltr'>neque</span> <span class='ocrx_word' id='word_1_130' title='bbox 183 1541 262 1599; x_wconf 89' lang='lat' dir='ltr'>enim</span> <span class='ocrx_word' id='word_1_131' title='bbox 284 1542 385 1616; x_wconf 92' lang='lat' dir='ltr'>potest</span> <span class='ocrx_word' id='word_1_132' title='bbox 414 1541 502 1599; x_wconf 85' lang='lat' dir='ltr'>iudex</span> <span class='ocrx_word' id='word_1_133' title='bbox 530 1540 647 1600; x_wconf 86' lang='lat' dir='ltr'>credere</span> <span class='ocrx_word' id='word_1_134' title='bbox 675 1541 749 1600; x_wconf 90' lang='lat' dir='ltr'>satis</span> <span class='ocrx_word' id='word_1_135' title='bbox 780 1559 841 1600; x_wconf 90' lang='lat' dir='ltr'>esse</span> <span class='ocrx_word' id='word_1_136' title='bbox 870 1560 905 1600; x_wconf 89' lang='lat' dir='ltr'>ea</span> <span class='ocrx_word' id='word_1_137' title='bbox 932 1541 1077 1616; x_wconf 88' lang='lat' dir='ltr'>potentia,</span> 
     </span>
     <span class='ocr_line' id='line_1_17' title="bbox 63 1628 1077 1705; baseline -0.001 -18"><span class='ocrx_word' id='word_1_138' title='bbox 63 1647 140 1704; x_wconf 87' lang='lat' dir='ltr'>quae</span> <span class='ocrx_word' id='word_1_139' title='bbox 163 1648 224 1688; x_wconf 93' lang='lat' dir='ltr'>non</span> <span class='ocrx_word' id='word_1_140' title='bbox 250 1637 391 1704; x_wconf 85' lang='lat' dir='ltr'>putamus</span> <span class='ocrx_word' id='word_1_141' title='bbox 418 1631 477 1704; x_wconf 92' lang='lat' dir='ltr'>ipsi</span> <span class='ocrx_word' id='word_1_142' title='bbox 509 1628 643 1688; x_wconf 90' lang='lat' dir='ltr'>sufficere</span> <span class='ocrx_word' id='word_1_143' title='bbox 677 1629 728 1705; x_wconf 91' lang='lat' dir='ltr'>qui</span> <span class='ocrx_word' id='word_1_144' title='bbox 757 1629 893 1688; x_wconf 85' lang='lat' dir='ltr'>diximus.</span> <span class='ocrx_word' id='word_1_145' title='bbox 925 1632 957 1688; x_wconf 89' lang='lat' dir='ltr'>in</span> <span class='ocrx_word' id='word_1_146' title='bbox 989 1629 1077 1688; x_wconf 86' lang='lat' dir='ltr'>rebus</span> 
     </span>
     <span class='ocr_line' id='line_1_18' title="bbox 61 1718 1077 1796; baseline -0.002 -19"><span class='ocrx_word' id='word_1_147' title='bbox 61 1736 133 1777; x_wconf 83' lang='lat' dir='ltr'>vero</span> <span class='ocrx_word' id='word_1_148' title='bbox 157 1719 269 1794; x_wconf 88' lang='lat' dir='ltr'>apertis</span> <span class='ocrx_word' id='word_1_149' title='bbox 293 1719 495 1796; x_wconf 82' lang='lat' dir='ltr'>argumentari</span> <span class='ocrx_word' id='word_1_150' title='bbox 508 1722 572 1776; x_wconf 89' lang='lat' dir='ltr'>tam</span> <span class='ocrx_word' id='word_1_151' title='bbox 590 1719 630 1778; x_wconf 87' lang='lat' dir='ltr'>sit</span> <span class='ocrx_word' id='word_1_152' title='bbox 644 1718 771 1778; x_wconf 89' lang='lat' dir='ltr'>stultum</span> <span class='ocrx_word' id='word_1_153' title='bbox 790 1738 880 1793; x_wconf 91' lang='lat' dir='ltr'>quam</span> <span class='ocrx_word' id='word_1_154' title='bbox 898 1719 930 1776; x_wconf 93' lang='lat' dir='ltr'>in</span> <span class='ocrx_word' id='word_1_155' title='bbox 949 1719 1077 1778; x_wconf 89' lang='lat' dir='ltr'>clarissi-</span> 
     </span>
     <span class='ocr_line' id='line_1_19' title="bbox 61 1806 674 1867; baseline 0.002 -2"><span class='ocrx_word' id='word_1_156' title='bbox 61 1825 146 1865; x_wconf 86' lang='lat' dir='ltr'>mum</span> <span class='ocrx_word' id='word_1_157' title='bbox 169 1807 261 1867; x_wconf 89' lang='lat' dir='ltr'>solem</span> <span class='ocrx_word' id='word_1_158' title='bbox 284 1806 411 1866; x_wconf 77' lang='lat' dir='ltr'>mortale</span> <span class='ocrx_word' id='word_1_159' title='bbox 434 1806 534 1865; x_wconf 92' lang='lat' dir='ltr'>lumen</span> <span class='ocrx_word' id='word_1_160' title='bbox 556 1807 674 1866; x_wconf 87' lang='lat' dir='ltr'>inferre.</span> 
     </span>
     <span class='ocr_line' id='line_1_20' title="bbox 128 1894 1131 1973; baseline -0.006 -18"><span class='ocrx_word' id='word_1_161' title='bbox 128 1894 185 1955; x_wconf 87' lang='lat' dir='ltr'>His</span> <span class='ocrx_word' id='word_1_162' title='bbox 209 1895 332 1971; x_wconf 90' lang='lat' dir='ltr'>quidam</span> <span class='ocrx_word' id='word_1_163' title='bbox 354 1894 545 1971; x_wconf 84' lang='lat' dir='ltr'>probationes</span> <span class='ocrx_word' id='word_1_164' title='bbox 568 1896 711 1970; x_wconf 90' lang='lat' dir='ltr'>adiciunt,</span> <span class='ocrx_word' id='word_1_165' title='bbox 734 1914 808 1972; x_wconf 87' lang='lat' dir='ltr'>quas</span> <span class='ocrx_word' id='word_1_166' title='bbox 832 1895 1001 1973; x_wconf 79' lang='grc' dir='ltr'><em>παθητικάς</em></span> <span class='ocrx_word' id='word_1_167' title='bbox 1025 1915 1075 1955; x_wconf 90' lang='lat' dir='ltr'>vo·</span> <span class='ocrx_word' id='word_1_168' title='bbox 1112 1896 1131 1949; x_wconf 77' lang='grc'>9</span> 
     </span>
     <span class='ocr_line' id='line_1_21' title="bbox 24 1984 1078 2061; baseline 0.001 -20"><span class='ocrx_word' id='word_1_169' title='bbox 24 1987 141 2059; x_wconf 78' lang='lat' dir='ltr'>secant,</span> <span class='ocrx_word' id='word_1_170' title='bbox 165 1984 269 2043; x_wconf 86' lang='lat' dir='ltr'>ductas</span> <span class='ocrx_word' id='word_1_171' title='bbox 297 2003 333 2042; x_wconf 84' lang='lat' dir='ltr'>er</span> <span class='ocrx_word' id='word_1_172' title='bbox 355 1984 529 2044; x_wconf 86' lang='lat' dir='ltr'>adfectibus.</span> <span class='ocrx_word' id='word_1_173' title='bbox 558 1987 648 2060; x_wconf 86' lang='lat' dir='ltr'>atque</span> <span class='ocrx_word' id='word_1_174' title='bbox 671 1985 849 2046; x_wconf 86' lang='lat' dir='ltr'>Aristotcles</span> <span class='ocrx_word' id='word_1_175' title='bbox 878 1986 998 2061; x_wconf 88' lang='lat' dir='ltr'>quidem</span> <span class='ocrx_word' id='word_1_176' title='bbox 1024 2003 1078 2059; x_wconf 94' lang='lat' dir='ltr'>po·</span> 
     </span>
     <span class='ocr_line' id='line_1_22' title="bbox 62 2073 1077 2149; baseline 0 -18"><span class='ocrx_word' id='word_1_177' title='bbox 62 2073 263 2133; x_wconf 76' lang='lat' dir='ltr'>tectissimum</span> <span class='ocrx_word' id='word_1_178' title='bbox 285 2076 374 2149; x_wconf 82' lang='lat' dir='ltr'>putat</span> <span class='ocrx_word' id='word_1_179' title='bbox 397 2092 433 2131; x_wconf 86' lang='lat' dir='ltr'>ex</span> <span class='ocrx_word' id='word_1_180' title='bbox 455 2091 498 2149; x_wconf 94' lang='lat' dir='ltr'>eo,</span> <span class='ocrx_word' id='word_1_181' title='bbox 523 2076 575 2148; x_wconf 90' lang='lat' dir='ltr'>qui</span> <span class='ocrx_word' id='word_1_182' title='bbox 597 2073 678 2149; x_wconf 88' lang='lat' dir='ltr'>dicit,</span> <span class='ocrx_word' id='word_1_183' title='bbox 702 2076 728 2133; x_wconf 92' lang='lat' dir='ltr'>si</span> <span class='ocrx_word' id='word_1_184' title='bbox 747 2075 787 2134; x_wconf 89' lang='lat' dir='ltr'>sit</span> <span class='ocrx_word' id='word_1_185' title='bbox 801 2076 848 2134; x_wconf 83' lang='lat' dir='ltr'>vir</span> <span class='ocrx_word' id='word_1_186' title='bbox 865 2074 974 2134; x_wconf 89' lang='lat' dir='ltr'>bonus:</span> <span class='ocrx_word' id='word_1_187' title='bbox 998 2073 1077 2149; x_wconf 91' lang='lat' dir='ltr'>quod</span> 
     </span>
     <span class='ocr_line' id='line_1_23' title="bbox 62 2161 1077 2240; baseline 0.003 -21"><span class='ocrx_word' id='word_1_188' title='bbox 62 2164 97 2221; x_wconf 88' lang='lat' dir='ltr'>ut</span> <span class='ocrx_word' id='word_1_189' title='bbox 120 2161 266 2237; x_wconf 86' lang='lat' dir='ltr'>optimum</span> <span class='ocrx_word' id='word_1_190' title='bbox 290 2164 349 2237; x_wconf 88' lang='lat' dir='ltr'>est,</span> <span class='ocrx_word' id='word_1_191' title='bbox 377 2163 422 2221; x_wconf 92' lang='lat' dir='ltr'>ita</span> <span class='ocrx_word' id='word_1_192' title='bbox 444 2163 532 2239; x_wconf 82' lang='lat' dir='ltr'>longe</span> <span class='ocrx_word' id='word_1_193' title='bbox 556 2163 690 2238; x_wconf 89' lang='lat' dir='ltr'>quidem,</span> <span class='ocrx_word' id='word_1_194' title='bbox 723 2163 774 2222; x_wconf 92' lang='lat' dir='ltr'>sed</span> <span class='ocrx_word' id='word_1_195' title='bbox 802 2165 936 2240; x_wconf 87' lang='lat' dir='ltr'>sequitur</span> <span class='ocrx_word' id='word_1_196' title='bbox 967 2166 1077 2237; x_wconf 90' lang='lat' dir='ltr'>tamen,</span> 
     </span>
     <span class='ocr_line' id='line_1_24' title="bbox 63 2245 1132 2320; baseline -0.001 -11"><span class='ocrx_word' id='word_1_197' title='bbox 63 2245 191 2310; x_wconf 78' lang='lat' dir='ltr'>‘videri&#39;.</span> <span class='ocrx_word' id='word_1_198' title='bbox 214 2250 284 2308; x_wconf 92' lang='lat' dir='ltr'>inde</span> <span class='ocrx_word' id='word_1_199' title='bbox 306 2251 385 2309; x_wconf 93' lang='lat' dir='ltr'>enim</span> <span class='ocrx_word' id='word_1_200' title='bbox 407 2251 462 2310; x_wconf 91' lang='lat' dir='ltr'>illa</span> <span class='ocrx_word' id='word_1_201' title='bbox 480 2250 589 2310; x_wconf 91' lang='lat' dir='ltr'>nobilis</span> <span class='ocrx_word' id='word_1_202' title='bbox 609 2251 713 2310; x_wconf 85' lang='lat' dir='ltr'>Scauri</span> <span class='ocrx_word' id='word_1_203' title='bbox 732 2252 877 2311; x_wconf 84' lang='lat' dir='ltr'>defensio:</span> <span class='ocrx_word' id='word_1_204' title='bbox 903 2248 947 2320; x_wconf 71' lang='grc' dir='ltr'>Ὦ.</span> <span class='ocrx_word' id='word_1_205' title='bbox 966 2252 1077 2310; x_wconf 86' lang='lat' dir='ltr'>Varius</span> <span class='ocrx_word' id='word_1_206' title='bbox 1093 2253 1132 2308; x_wconf 81' lang='grc'>10</span> 
     </span>
     <span class='ocr_line' id='line_1_25' title="bbox 63 2338 1078 2417; baseline 0 -19"><span class='ocrx_word' id='word_1_207' title='bbox 63 2338 257 2400; x_wconf 79' lang='lat' dir='ltr'>Sucronensis</span> <span class='ocrx_word' id='word_1_208' title='bbox 280 2341 324 2399; x_wconf 88' lang='lat' dir='ltr'>ait</span> <span class='ocrx_word' id='word_1_209' title='bbox 345 2339 507 2399; x_wconf 89' lang='lat' dir='ltr'>Aemilium</span> <span class='ocrx_word' id='word_1_210' title='bbox 532 2340 676 2399; x_wconf 86' lang='lat' dir='ltr'>Scaurum</span> <span class='ocrx_word' id='word_1_211' title='bbox 702 2361 765 2400; x_wconf 89' lang='lat' dir='ltr'>rem</span> <span class='ocrx_word' id='word_1_212' title='bbox 795 2340 946 2417; x_wconf 88' lang='lat' dir='ltr'>publicam</span> <span class='ocrx_word' id='word_1_213' title='bbox 974 2340 1078 2417; x_wconf 89' lang='lat' dir='ltr'>populi</span> 
     </span>
     <span class='ocr_line' id='line_1_26' title="bbox 24 2425 1078 2508; baseline 0.003 -22"><span class='ocrx_word' id='word_1_214' title='bbox 24 2446 50 2486; x_wconf 79' lang='lat'>:⁵</span> <span class='ocrx_word' id='word_1_215' title='bbox 62 2428 191 2487; x_wconf 81' lang='lat' dir='ltr'>Romani</span> <span class='ocrx_word' id='word_1_216' title='bbox 220 2428 398 2504; x_wconf 88' lang='lat' dir='ltr'>prodidisse:</span> <span class='ocrx_word' id='word_1_217' title='bbox 429 2428 575 2488; x_wconf 89' lang='lat' dir='ltr'>Aemilius</span> <span class='ocrx_word' id='word_1_218' title='bbox 603 2430 732 2490; x_wconf 84' lang='lat' dir='ltr'>Scaurus</span> <span class='ocrx_word' id='word_1_219' title='bbox 755 2425 866 2508; x_wconf 81' lang='lat' dir='ltr'>negat&#39;.</span> <span class='ocrx_word' id='word_1_220' title='bbox 899 2431 949 2490; x_wconf 89' lang='lat' dir='ltr'>cui</span> <span class='ocrx_word' id='word_1_221' title='bbox 981 2429 1078 2489; x_wconf 90' lang='lat' dir='ltr'>simile</span> 
     </span>
     <span class='ocr_line' id='line_1_27' title="bbox 63 2516 1078 2595; baseline 0 -19"><span class='ocrx_word' id='word_1_222' title='bbox 63 2516 206 2593; x_wconf 86' lang='lat' dir='ltr'>quiddam</span> <span class='ocrx_word' id='word_1_223' title='bbox 219 2518 323 2578; x_wconf 88' lang='lat' dir='ltr'>fecisse</span> <span class='ocrx_word' id='word_1_224' title='bbox 341 2517 505 2594; x_wconf 86' lang='lat' dir='ltr'>Iphicrates</span> <span class='ocrx_word' id='word_1_225' title='bbox 525 2520 643 2594; x_wconf 90' lang='lat' dir='ltr'>dicitur,</span> <span class='ocrx_word' id='word_1_226' title='bbox 667 2521 719 2594; x_wconf 91' lang='lat' dir='ltr'>qui</span> <span class='ocrx_word' id='word_1_227' title='bbox 738 2539 805 2579; x_wconf 90' lang='lat' dir='ltr'>cum</span> <span class='ocrx_word' id='word_1_228' title='bbox 823 2519 1078 2595; x_wconf 85' lang='lat' dir='ltr'>Aristophontem,</span> 
     </span>
     <span class='ocr_line' id='line_1_28' title="bbox 62 2607 1079 2685; baseline 0.001 -20"><span class='ocrx_word' id='word_1_229' title='bbox 62 2625 121 2682; x_wconf 92' lang='lat' dir='ltr'>quo</span> <span class='ocrx_word' id='word_1_230' title='bbox 145 2608 303 2666; x_wconf 79' lang='lat' dir='ltr'>accusante</span> <span class='ocrx_word' id='word_1_231' title='bbox 326 2607 433 2668; x_wconf 90' lang='lat' dir='ltr'>similis</span> <span class='ocrx_word' id='word_1_232' title='bbox 457 2608 588 2666; x_wconf 88' lang='lat' dir='ltr'>criminis</span> <span class='ocrx_word' id='word_1_233' title='bbox 611 2628 678 2668; x_wconf 91' lang='lat' dir='ltr'>reus</span> <span class='ocrx_word' id='word_1_234' title='bbox 698 2611 771 2682; x_wconf 90' lang='lat' dir='ltr'>erat,</span> <span class='ocrx_word' id='word_1_235' title='bbox 793 2611 1014 2685; x_wconf 84' lang='lat' dir='ltr'>interrogasset,</span> <span class='ocrx_word' id='word_1_236' title='bbox 1039 2627 1079 2667; x_wconf 90' lang='lat' dir='ltr'>an</span> 
     </span>
     <span class='ocr_line' id='line_1_29' title="bbox 62 2696 1076 2773; baseline 0 -18"><span class='ocrx_word' id='word_1_237' title='bbox 62 2696 88 2755; x_wconf 89' lang='lat' dir='ltr'>is</span> <span class='ocrx_word' id='word_1_238' title='bbox 112 2697 237 2770; x_wconf 85' lang='lat' dir='ltr'>accepta</span> <span class='ocrx_word' id='word_1_239' title='bbox 258 2697 387 2771; x_wconf 89' lang='lat' dir='ltr'>pecunia</span> <span class='ocrx_word' id='word_1_240' title='bbox 409 2715 472 2754; x_wconf 90' lang='lat' dir='ltr'>rem</span> <span class='ocrx_word' id='word_1_241' title='bbox 495 2696 647 2771; x_wconf 90' lang='lat' dir='ltr'>publicam</span> <span class='ocrx_word' id='word_1_242' title='bbox 673 2698 846 2772; x_wconf 87' lang='lat' dir='ltr'>proditurus</span> <span class='ocrx_word' id='word_1_243' title='bbox 874 2699 964 2770; x_wconf 90' lang='lat' dir='ltr'>esset,</span> <span class='ocrx_word' id='word_1_244' title='bbox 991 2697 1076 2773; x_wconf 91' lang='lat' dir='ltr'>isque</span> 
     </span>
     <span class='ocr_line' id='line_1_30' title="bbox 62 2779 1128 2863; baseline -0.004 -21"><span class='ocrx_word' id='word_1_245' title='bbox 62 2783 95 2842; x_wconf 91' lang='lat' dir='ltr'>id</span> <span class='ocrx_word' id='word_1_246' title='bbox 107 2787 259 2863; x_wconf 79' lang='lat' dir='ltr'>negasset:</span> <span class='ocrx_word' id='word_1_247' title='bbox 279 2779 370 2860; x_wconf 77' lang='lat' dir='ltr'>‘quod</span> <span class='ocrx_word' id='word_1_248' title='bbox 383 2779 499 2862; x_wconf 86' lang='lat' dir='ltr'>igitur&#39;,</span> <span class='ocrx_word' id='word_1_249' title='bbox 513 2787 621 2861; x_wconf 90' lang='lat' dir='ltr'>inquit,</span> <span class='ocrx_word' id='word_1_250' title='bbox 637 2781 682 2844; x_wconf 83' lang='lat' dir='ltr'>‘tu</span> <span class='ocrx_word' id='word_1_251' title='bbox 696 2804 754 2845; x_wconf 89' lang='lat' dir='ltr'>non</span> <span class='ocrx_word' id='word_1_252' title='bbox 769 2787 897 2859; x_wconf 89' lang='lat' dir='ltr'>fecisses,</span> <span class='ocrx_word' id='word_1_253' title='bbox 916 2805 971 2862; x_wconf 84' lang='lat' dir='ltr'>ego</span> <span class='ocrx_word' id='word_1_254' title='bbox 986 2780 1075 2843; x_wconf 79' lang='lat' dir='ltr'>fecif&#39;</span> <span class='ocrx_word' id='word_1_255' title='bbox 1093 2785 1128 2838; x_wconf 95' lang='lat'>11</span> 
     </span>
     <span class='ocr_line' id='line_1_31' title="bbox 26 2872 1076 2950; baseline 0.002 -19"><span class='ocrx_word' id='word_1_256' title='bbox 26 2872 239 2932; x_wconf 79' lang='lat' dir='ltr'>scintuendum</span> <span class='ocrx_word' id='word_1_257' title='bbox 262 2877 364 2932; x_wconf 87' lang='lat' dir='ltr'>autem</span> <span class='ocrx_word' id='word_1_258' title='bbox 387 2877 417 2932; x_wconf 88' lang='lat' dir='ltr'>et</span> <span class='ocrx_word' id='word_1_259' title='bbox 440 2875 492 2948; x_wconf 90' lang='lat' dir='ltr'>qui</span> <span class='ocrx_word' id='word_1_260' title='bbox 519 2876 567 2948; x_wconf 92' lang='lat' dir='ltr'>sit,</span> <span class='ocrx_word' id='word_1_261' title='bbox 598 2874 677 2950; x_wconf 91' lang='lat' dir='ltr'>apud</span> <span class='ocrx_word' id='word_1_262' title='bbox 701 2894 792 2950; x_wconf 89' lang='lat' dir='ltr'>quem</span> <span class='ocrx_word' id='word_1_263' title='bbox 819 2874 953 2944; x_wconf 89' lang='lat' dir='ltr'>dicimus,</span> <span class='ocrx_word' id='word_1_264' title='bbox 984 2877 1014 2932; x_wconf 90' lang='lat' dir='ltr'>et</span> <span class='ocrx_word' id='word_1_265' title='bbox 1037 2874 1076 2950; x_wconf 91' lang='lat' dir='ltr'>id,</span> 
     </span>
     <span class='ocr_line' id='line_1_32' title="bbox 64 2961 1078 3040; baseline 0.001 -20"><span class='ocrx_word' id='word_1_266' title='bbox 64 2961 143 3038; x_wconf 91' lang='lat' dir='ltr'>quod</span> <span class='ocrx_word' id='word_1_267' title='bbox 174 2962 223 3021; x_wconf 93' lang='lat' dir='ltr'>illi</span> <span class='ocrx_word' id='word_1_268' title='bbox 249 2963 376 3021; x_wconf 86' lang='lat' dir='ltr'>maxime</span> <span class='ocrx_word' id='word_1_269' title='bbox 399 2962 553 3038; x_wconf 89' lang='lat' dir='ltr'>probabile</span> <span class='ocrx_word' id='word_1_270' title='bbox 585 2963 730 3040; x_wconf 83' lang='lat' dir='ltr'>videatur,</span> <span class='ocrx_word' id='word_1_271' title='bbox 759 2964 983 3039; x_wconf 88' lang='lat' dir='ltr'>requirendum:</span> <span class='ocrx_word' id='word_1_272' title='bbox 1016 2982 1078 3038; x_wconf 90' lang='lat' dir='ltr'>qua</span> 
     </span>
    </p>
   </div>
   <div class='ocr_carea' id='block_1_3' title="bbox 62 3130 1076 3271">
    <p class='ocr_par' dir='ltr' id='par_1_3' title="bbox 62 3130 1076 3271">
     <span class='ocr_line' id='line_1_33' title="bbox 134 3130 1076 3202; baseline -0.001 -16"><span class='ocrx_word' id='word_1_273' title='bbox 134 3136 169 3186; x_wconf 76' lang='lat' dir='ltr'>:o</span> <span class='ocrx_word' id='word_1_274' title='bbox 188 3130 271 3186; x_wconf 84' lang='lat' dir='ltr'>Rhet.</span> <span class='ocrx_word' id='word_1_275' title='bbox 292 3137 315 3200; x_wconf 93' lang='lat'>1,</span> <span class='ocrx_word' id='word_1_276' title='bbox 336 3138 359 3198; x_wconf 77' lang='lat'>2,</span> <span class='ocrx_word' id='word_1_277' title='bbox 380 3138 396 3186; x_wconf 83' lang='lat'>4</span> <span class='ocrx_word' id='word_1_278' title='bbox 416 3164 449 3172; x_wconf 92' lang='lat'>—</span> <span class='ocrx_word' id='word_1_279' title='bbox 478 3138 512 3185; x_wconf 81' lang='lat'>23</span> <span class='ocrx_word' id='word_1_280' title='bbox 531 3131 561 3187; x_wconf 89' lang='lat' dir='ltr'>cf</span> <span class='ocrx_word' id='word_1_281' title='bbox 577 3132 676 3187; x_wconf 76' lang='lat' dir='ltr'>Aenon.</span> <span class='ocrx_word' id='word_1_282' title='bbox 696 3133 726 3185; x_wconf 92' lang='lat' dir='ltr'>in</span> <span class='ocrx_word' id='word_1_283' title='bbox 746 3133 839 3187; x_wconf 80' lang='lat' dir='ltr'>Scaur.</span> <span class='ocrx_word' id='word_1_284' title='bbox 858 3150 877 3202; x_wconf 88' lang='lat' dir='ltr'>p</span> <span class='ocrx_word' id='word_1_285' title='bbox 897 3138 930 3186; x_wconf 77' lang='lat'>29</span> <span class='ocrx_word' id='word_1_286' title='bbox 945 3131 1018 3186; x_wconf 90' lang='lat' dir='ltr'>Bait.</span> <span class='ocrx_word' id='word_1_287' title='bbox 1044 3163 1076 3171; x_wconf 95' lang='lat'>-</span> 
     </span>
     <span class='ocr_line' id='line_1_34' title="bbox 62 3202 446 3271; baseline 0 -14"><span class='ocrx_word' id='word_1_288' title='bbox 62 3208 97 3257; x_wconf 78' lang='lat' dir='ltr'>ee</span> <span class='ocrx_word' id='word_1_289' title='bbox 115 3203 201 3258; x_wconf 75' lang='lat' dir='ltr'>Arist</span> <span class='ocrx_word' id='word_1_290' title='bbox 221 3202 303 3257; x_wconf 76' lang='lat' dir='ltr'>niet.</span> <span class='ocrx_word' id='word_1_291' title='bbox 323 3210 349 3270; x_wconf 84' lang='lat'>2,</span> <span class='ocrx_word' id='word_1_292' title='bbox 368 3208 411 3271; x_wconf 79' lang='lat' dir='ltr'>aa,</span> <span class='ocrx_word' id='word_1_293' title='bbox 432 3209 446 3256; x_wconf 78' lang='lat' dir='ltr'>r</span> 
     </span>
    </p>
   </div>
   <div class='ocr_carea' id='block_1_4' title="bbox 61 3362 1077 3578">
    <p class='ocr_par' dir='ltr' id='par_1_4' title="bbox 61 3362 1077 3578">
     <span class='ocr_line' id='line_1_35' title="bbox 134 3362 1077 3434; baseline -0.002 -16"><span class='ocrx_word' id='word_1_294' title='bbox 134 3365 358 3418; x_wconf 75' lang='lat' dir='ltr'>2nocent151’:</span> <span class='ocrx_word' id='word_1_295' title='bbox 377 3366 514 3418; x_wconf 70' lang='lat' dir='ltr'>vacentn</span> <span class='ocrx_word' id='word_1_296' title='bbox 527 3364 623 3418; x_wconf 89' lang='lat' dir='ltr'>valent</span> <span class='ocrx_word' id='word_1_297' title='bbox 637 3375 678 3417; x_wconf 72' lang='lat' dir='ltr'>ra</span> <span class='ocrx_word' id='word_1_298' title='bbox 763 3366 826 3419; x_wconf 71' lang='lat' dir='ltr'>lut</span> <span class='ocrx_word' id='word_1_299' title='bbox 840 3380 883 3419; x_wconf 84' lang='lat' dir='ltr'>om</span> <span class='ocrx_word' id='word_1_300' title='bbox 897 3375 919 3416; x_wconf 79' lang='grc' dir='ltr'><em>Α</em></span> <span class='ocrx_word' id='word_1_301' title='bbox 988 3362 1077 3434; x_wconf 78' lang='lat' dir='ltr'>cira]</span> 
     </span>
     <span class='ocr_line' id='line_1_36' title="bbox 61 3434 1076 3506; baseline 0 -18"><span class='ocrx_word' id='word_1_302' title='bbox 61 3434 166 3490; x_wconf 70' lang='lat' dir='ltr'>iuras</span> <span class='ocrx_word' id='word_1_303' title='bbox 185 3436 252 3506; x_wconf 74' lang='lat' dir='ltr'>(aaa</span> <span class='ocrx_word' id='word_1_304' title='bbox 271 3437 298 3505; x_wconf 84' lang='lat' dir='ltr'>o)</span> <span class='ocrx_word' id='word_1_305' title='bbox 373 3441 405 3489; x_wconf 85' lang='lat'>14</span> <span class='ocrx_word' id='word_1_306' title='bbox 425 3436 563 3503; x_wconf 76' lang='lat' dir='ltr'>quiere:</span> <span class='ocrx_word' id='word_1_307' title='bbox 582 3445 806 3502; x_wconf 72' lang='lat' dir='ltr'>quamnoma</span> <span class='ocrx_word' id='word_1_308' title='bbox 878 3441 911 3489; x_wconf 78' lang='lat'>21</span> <span class='ocrx_word' id='word_1_309' title='bbox 931 3435 1020 3488; x_wconf 79' lang='lat' dir='ltr'>bonus</span> <span class='ocrx_word' id='word_1_310' title='bbox 1039 3444 1076 3488; x_wconf 78' lang='lat' dir='ltr'>A:</span> 
     </span>
     <span class='ocr_line' id='line_1_37' title="bbox 62 3506 912 3578; baseline -0.002 -17"><span class='ocrx_word' id='word_1_311' title='bbox 62 3507 187 3576; x_wconf 83' lang='lat' dir='ltr'>optimus</span> <span class='ocrx_word' id='word_1_312' title='bbox 205 3514 260 3559; x_wconf 77' lang='lat' dir='ltr'>BP</span> <span class='ocrx_word' id='word_1_313' title='bbox 329 3512 364 3560; x_wconf 78' lang='lat'>28</span> <span class='ocrx_word' id='word_1_314' title='bbox 381 3506 467 3574; x_wconf 86' lang='lat' dir='ltr'>idque</span> <span class='ocrx_word' id='word_1_315' title='bbox 481 3523 547 3577; x_wconf 79' lang='lat' dir='ltr'>neg.</span> <span class='ocrx_word' id='word_1_316' title='bbox 566 3523 628 3564; x_wconf 79' lang='lat' dir='ltr'>corr</span> <span class='ocrx_word' id='word_1_317' title='bbox 647 3509 679 3564; x_wconf 81' lang='lat' dir='ltr'>ia</span> <span class='ocrx_word' id='word_1_318' title='bbox 696 3507 782 3577; x_wconf 68' lang='lat' dir='ltr'>isque</span> <span class='ocrx_word' id='word_1_319' title='bbox 799 3523 868 3578; x_wconf 69' lang='lat' dir='ltr'>neg.</span> <span class='ocrx_word' id='word_1_320' title='bbox 889 3517 912 3559; x_wconf 72' lang='lat' dir='ltr'>a</span> 
     </span>
    </p>
   </div>
   <div class='ocr_carea' id='block_1_5' title="bbox 0 0 1228 3832">
    <p class='ocr_par' dir='ltr' id='par_1_5' title="bbox 0 0 1228 3832">
     <span class='ocr_line' id='line_1_38' title="bbox 0 0 1228 3832; baseline 0 0"><span class='ocrx_word' id='word_1_321' title='bbox 0 0 1228 3832; x_wconf 95' lang='lat' dir='ltr'> </span> 
     </span>
    </p>
   </div>
  </div>
 </body>
</html>
