2460 3854
120 124 164 189 24
424 123 652 189 QVINTILIANI
669 123 709 177 ΙΝ
711 123 760 178 ST.
781 123 837 179 OR.

121 313 241 371 quoque
264 293 381 354 casibus
405 295 504 352 aetate
526 294 719 352 transierunt.
742 313 813 352 nam
835 297 872 353 ut
895 290 1023 353 ‘Valesii
1046 290 1144 354 Fusii’

120 385 152 441 in
177 377 326 442 ‘Valerios
347 376 524 458 Furiosque'
548 386 701 456 venerunt,
723 385 768 441 ita
788 377 896 459 ‘arbos
919 382 1013 457 labos,
1038 380 1145 459 vapos'

67 473 107 529 14
122 474 214 531 etiarn
242 475 273 531 et
301 465 436 531 ‘clamos'
466 490 501 530 ao
529 466 623 530 ‘lasis’
652 471 786 530 fuerunt:
815 476 906 548 atque
933 473 1007 532 baec
1034 475 1103 549 ipsa
1131 491 1146 534 s

121 562 225 621 littera
245 561 282 620 ab
304 561 351 619 his
374 560 545 620 nominibus
570 561 688 620 exclusa
710 563 743 618 in
767 560 946 636 quibusdam
967 563 1036 637 ipsa
1056 564 1147 622 alteri

121 653 277 711 successit:
300 669 372 708 nem
387 645 537 708 ‘mertare’
556 654 646 726 atque
661 645 802 726 ‘pultare'
818 650 965 726 dicebant,
984 651 1057 726 quin
1073 646 1145 711 ‘fon
1169 669 1178 710 s

121 741 210 799 deum
228 734 400 815 faedosque’
420 759 475 814 pro
495 739 679 815 aspiratione
698 741 765 814 fut
783 740 876 799 simili
893 739 996 799 littera
1011 744 1145 802 utentes:

120 848 192 888 nam
223 831 327 888 eontra
351 827 459 888 Graeci
488 828 640 904 adspirare
664 831 683 902 f
709 829 813 902 solent,
843 833 878 888 ut
908 848 962 904 pro
986 829 1145 890 Fundanio

122 917 224 977 Cicero
247 921 362 992 testem,
387 917 439 993 qui
462 919 591 993 primam
611 919 674 976 eius
693 917 827 976 litteram
845 918 942 978 dicere
961 937 1021 977 non
1039 919 1145 994 possit,

70 1009 106 1064 15
122 1007 241 1066 inridet.
284 1007 336 1066 sed
364 1007 383 1065 b
417 1025 535 1082 quoqne
567 1009 600 1064 in
631 1007 730 1065 locum
763 1007 892 1065 aliarum
922 1007 1059 1068 dedimus
1090 1008 1145 1068 ali-

121 1097 249 1173 quando,
277 1097 355 1155 unde
384 1090 521 1155 ‘Burrus’
546 1100 577 1155 61
599 1090 737 1173 ‘Bruges’
762 1098 792 1154 61
816 1091 960 1156 ‘Belena'.
1002 1117 1058 1158 nec
1085 1117 1146 1158 non
1159 1116 1180 1157 u

122 1186 225 1246 eadem
257 1186 330 1245 fecit
362 1204 398 1243 ex
428 1180 538 1244 ‘duello
569 1181 702 1259 bellum',
735 1185 813 1244 unde
845 1180 991 1246 ‘Duelios’
1021 1186 1146 1262 quidam

69 1278 107 1331 16
122 1276 218 1334 dicere
252 1269 374 1333 ‘Belios'
410 1276 489 1332 ausi:
522 1274 594 1349 quid
627 1270 765 1334 ‘stlocum
801 1269 989 1351 stlitesque'?
1027 1277 1102 1352 quid
1133 1281 1147 1336 t

121 1366 241 1424 litterae
269 1383 336 1423 cum
360 1364 379 1420 d
411 1363 559 1439 quaedam
587 1361 747 1442 eognmio?
789 1383 881 1438 quare
904 1365 1003 1424 minus
1026 1366 1147 1441 mirum,

123 1455 148 1512 si
162 1447 237 1532 <in>
250 1455 377 1512 vetustis
397 1452 535 1529 operibus
554 1452 637 1511 urbis
656 1456 776 1512 nostrae
796 1457 826 1511 et
845 1452 1010 1513 celebribus
1024 1456 1147 1530 templis

123 1545 263 1620 legantur
286 1536 472 1601 ‘Alexanter'
497 1544 528 1600 et
552 1536 745 1601 tGassan‘cra’.
784 1543 857 1617 quid
880 1562 897 1601 o
921 1546 1012 1620 atqua
1035 1564 1056 1602 u
1079 1564 1147 1620 per·
1161 1562 1181 1603 u

122 1634 240 1691 mutata
270 1629 419 1690 invicem?
460 1635 496 1690 nt
526 1626 679 1690 ‘Hecoba'
715 1635 746 1690 et
778 1627 895 1690 ‘nutrix
934 1629 1080 1692 Guleidis'
1118 1638 1147 1695 et

124 1715 290 1779 ‘Pulixena’
316 1720 525 1796 scriberentur,
549 1740 583 1780 ac
606 1740 644 1779 ne
665 1723 699 1779 in
721 1719 841 1779 Graecis
864 1721 896 1778 id
917 1725 1039 1781 tantum
1063 1727 1146 1782 note·

123 1814 187 1884 tur,
226 1805 390 1868 ‘dederont’
430 1813 460 1868 et
498 1804 729 1885 ‘probaverunt'.
775 1812 818 1870 sic
852 1803 1019 1888 Ὀδυσσεύς,
1058 1832 1148 1889 quem

71 1901 106 1955 17
121 1891 260 1958 Ὀλυσσέα
283 1901 416 1958 fecerant
437 1898 548 1973 Aeolis,
573 1900 610 1957 ad
635 1893 776 1958 ‘Ulixem'
801 1900 944 1959 deductus
969 1904 1021 1960 est.
1054 1901 1147 1978 quid?

123 2008 184 2048 non
212 2008 228 2047 e
257 2007 376 2064 quoque
403 1990 416 2046 i
442 1989 509 2047 loco
535 1989 608 2046 fnit:
642 1983 805 2048 ‘Menerva'
834 1993 865 2048 et
889 1984 992 2048 ‘leber'
1017 1992 1047 2050 et
1073 1987 1148 2050 ‘ma
1161 2009 1183 2049 so

124 2074 233 2155 gester'
259 2082 288 2137 et
309 2072 434 2137 ‘Deiove
452 2072 596 2151 Victore',
618 2097 679 2136 non
698 2073 801 2138 ‘Diovi
819 2074 969 2138 Victori’?
997 2079 1049 2138 sed
1072 2083 1149 2140 mihi

124 2168 223 2227 locum
252 2167 371 2246 signare
399 2168 473 2226 satis
501 2170 559 2226 est:
595 2187 655 2226 non
684 2169 764 2226 enim
791 2168 890 2244 doceo,
921 2168 973 2227 sed
1000 2169 1148 2230 admoneo

125 2257 272 2316 docturos.
314 2257 383 2316 inde
412 2258 445 2316 in
475 2256 606 2333 syllabas
637 2276 709 2316 cura
738 2257 888 2332 transibit,
919 2257 955 2317 de
983 2258 1091 2334 quibus
1116 2261 1149 2319 in

125 2346 340 2424 orthographia
362 2365 459 2422 pauca
483 2346 640 2406 adnotabo.

193 2435 269 2493 Tum
301 2435 424 2510 videbit,
459 2435 497 2494 ad
529 2454 617 2511 quem
647 2437 703 2495 hoc
733 2435 871 2511 partinet,
905 2440 978 2512 quot
1008 2439 1038 2495 et
1070 2457 1149 2514 quae
1162 2455 1184 2496 u

124 2528 225 2600 pantes
256 2525 409 2599 orationis,
440 2544 622 2600 quamquam
653 2526 689 2584 de
716 2543 839 2584 numero
867 2544 976 2600 parum
999 2529 1148 2588 convenit.

73 2625 110 2680 18
125 2618 240 2673 veteres
271 2614 358 2688 enim,
392 2634 519 2689 quorum
548 2615 670 2672 fuerunt
700 2615 878 2674 Aristoteles
908 2634 1026 2691 quoque
1057 2619 1150 2693 atque

126 2703 317 2778 Theodectes,
346 2704 457 2762 verba
484 2704 573 2762 modo
598 2706 628 2762 et
650 2704 794 2762 nomina
818 2707 848 2763 et
872 2705 1150 2768 convinctiones

125 2825 340 2833 ——u

198 2878 214 2926 8
238 2872 291 2944 frg.
312 2890 350 2927 or.
370 2874 406 2928 A.
415 2873 449 2942 V,
469 2880 483 2927 'l
505 2874 549 2928 M.
624 2879 657 2926 27
682 2891 715 2943 sq
734 2873 763 2928 ef
779 2873 863 2928 Dion.
883 2873 947 2928 Hal.
972 2873 1007 2928 de
1029 2883 1149 2946 compa

199 3023 214 3069 3
234 3033 267 3070 ae
285 3015 366 3087 lasis]
386 3017 489 3071 aetatis
508 3027 531 3068 A
551 3016 636 3070 etatis
651 3026 678 3070 Ρ
695 3033 729 3071 ae
746 3017 820 3072 lases
840 3034 871 3071 as
884 3020 931 3086 ΡΙ
947 3017 1011 3086 ipsa
1028 3035 1073 3072 one
1087 3029 1116 3072 Ρ

127 3095 142 3141 6
166 3088 321 3157 faedosque
347 3091 446 3142 Halm:
471 3088 627 3156 foedusque
646 3097 674 3141 P
700 3088 850 3157 fredosque
869 3099 892 3140 A
920 3088 1076 3157 foedusque
1094 3090 1148 3165 ”l

126 3159 141 3211 f
161 3162 194 3213 ut
214 3160 320 3216 Clamet:
346 3160 425 3214 velut
442 3169 494 3213 ΑΡ
516 3159 561 3213 vel
580 3169 607 3212 Β
715 3166 729 3213 ‘l
756 3160 771 3213 f
791 3162 937 3216 Kiderlin:
964 3181 986 3230 φ
1011 3163 1077 3216 libri

128 3237 159 3284 11
181 3231 297 3285 Duelios
312 3273 318 3285 .
331 3274 336 3285 .
349 3274 354 3285 .
369 3231 464 3286 Belios
483 3232 518 3286 A.
535 3232 614 3286 Mac.-
633 3232 759 3286 duellos.
772 3232 896 3286 ..bellos
971 3237 1004 3286 12
1026 3233 1151 3288 stlocum

126 3302 192 3355 131³*
211 3302 343 3357 stilocum
360 3303 423 3356 ΑΡι
460 3303 565 3357 stlocus
584 3303 722 3374 Spaldiop
809 3310 843 3358 14
865 3303 958 3359 inem
975 3313 1064 3359 ABP:
1090 3307 1151 3361 add

127 3374 161 3428 ed
177 3375 274 3446 Grypb
329 3380 362 3428 16
383 3373 507 3428 Culcidis
523 3375 565 3429 M.
576 3375 705 3500 Sepffert:
724 3373 853 3430 Culcides
869 3377 934 3431 libri
989 3380 1023 3429 20
1041 3378 1075 3430 ut
1088 3375 1151 3432 Me·

127 3455 259 3500 nerva?
281 3447 585 3514 6161611518.
647 3451 737 3514 10,12
757 3453 796 3501 616
885 3453 918 3501 21
939 3447 1050 3501 deiiove
1070 3457 1103 3501 11
1121 3448 1152 3503 (11

117 3518 184 3568 iore
200 3517 244 3569 1¹¹
260 3517 303 3571 dii
319 3518 383 3573 iove
401 3517 471 3573 ΡΨ
538 3523 572 3574 28
592 3518 800 3574 convinctiones
817 3529 853 3573 1²:
872 3518 1085 3574 coniunctiones
1099 3530 1155 3575 ΛΡ
