2460 3854
423 605 744 679 PRAEFATIO.

145 893 218 953 llius
243 894 391 968 editionis,
420 913 511 968 quam
534 893 607 952 olim
629 893 787 953 Eduardus
810 894 937 953 Bonnell
961 895 1090 954 confece-

72 986 133 1058 rat,
152 982 401 1061 redintegrandae
429 981 559 1041 officium
587 1001 654 1041 cum
672 985 859 1058 suscepisset,
877 985 976 1060 prima
993 986 1091 1059 operis

74 1075 166 1131 initia
205 1072 326 1130 vixdum
367 1090 503 1149 egressus
542 1071 792 1132 Ferdinandus
824 1072 960 1132 Becher
995 1075 1091 1132 morte

74 1164 270 1238 praematura
294 1160 468 1237 absumptus
492 1163 546 1234 est,
569 1160 673 1221 doctus
696 1163 744 1220 vir
762 1164 793 1220 et
812 1160 992 1230 Quintiliani
1009 1179 1091 1238 egre·

74 1253 125 1329 gie
147 1250 271 1327 peritus.
318 1248 408 1310 Cuius
431 1251 464 1308 in
491 1250 591 1309 locum
620 1253 781 1326 postquam
812 1249 993 1311 substitutus
1017 1269 1091 1324 sum,

73 1339 276 1398 intercedente
296 1339 455 1416 Rudolpho
473 1339 607 1414 Muecke,
630 1339 782 1417 gymnasii
799 1339 979 1399 Ilfeldiensis
999 1339 1091 1399 direc-

73 1431 149 1505 tore,
176 1430 290 1489 factum
319 1431 372 1502 est,
400 1431 444 1502 ut,
475 1447 677 1504 quascumque
699 1428 751 1488 ille
784 1429 884 1504 copias
913 1429 1091 1505 conlegerat,

73 1520 142 1576 usui
169 1538 235 1576 meo
265 1518 491 1577 adcommodare
512 1537 638 1593 possem.
688 1518 764 1577 Erat
794 1517 889 1595 igitur
916 1517 954 1577 ad
982 1517 1092 1576 librum

73 1608 205 1684 primum
228 1609 458 1666 commentarius
482 1608 602 1666 criticus
622 1607 839 1685 elegantissime
859 1606 1037 1681 elaboratus,
1059 1609 1092 1665 in

73 1696 198 1770 reliquis
234 1714 305 1756 vero
341 1694 427 1760 libris
459 1695 688 1755 adnotationum
720 1697 838 1773 farrago
871 1698 968 1755 maior
994 1695 1091 1768 modo,

74 1784 164 1844 modo
188 1787 293 1858 minor,
317 1783 425 1859 quibus
444 1785 492 1844 rel
510 1786 647 1861 proprias
665 1786 822 1861 proposuit
841 1787 1025 1844 coniecturas
1043 1783 1091 1844 vel

76 1875 204 1933 aliorum
242 1873 407 1947 adnotavit,
444 1874 672 1947 commendavit,
703 1875 857 1948 refutavit,
888 1873 1091 1949 librorumque

74 1963 252 2022 lectionibus
276 1963 403 2040 siugulis
426 1961 606 2041 suffragatus
630 1966 687 2038 est,
711 1966 796 2022 erant
817 1967 985 2039 praeterea,
1015 1981 1091 2039 quae

73 2054 340 2130 grammaticorum
362 2053 474 2128 scripta
502 2053 587 2110 inre
615 2051 706 2111 dubia
734 2052 893 2111 laudarent
926 2054 980 2110 aut
1010 2053 1091 2110 locos

74 2141 187 2201 similes
214 2141 426 2217 producerent:
459 2142 561 2216 qualia
593 2143 655 2199 fere
686 2141 834 2218 philologi
860 2143 940 2200 inter
965 2139 1091 2219 legenda

74 2231 219 2290 adnotare
243 2230 379 2290 solemus.
425 2229 492 2290 Huc
520 2230 699 2289 accedebant
727 2231 895 2290 collationis
927 2231 1091 2306 specimina

74 2322 161 2379 varia
183 2320 267 2379 velut
288 2319 489 2394 Ambrosiani,
512 2339 570 2394 qua
594 2321 677 2378 nisus
695 2319 811 2378 Halmii
827 2320 1019 2394 Meisterique
1039 2338 1090 2378 no-

73 2412 122 2468 tas
146 2409 195 2469 hio
218 2411 308 2486 atque
330 2409 394 2467 illic
418 2411 563 2485 corrigere
590 2410 691 2483 potui,
718 2412 749 2468 et
774 2409 943 2468 Florentini
973 2408 1091 2482 codicis,

74 2498 237 2557 utilissima
269 2517 339 2557 vero
370 2497 500 2557 Parisini
531 2497 681 2557 Vallensis
714 2498 842 2557 collatio.
891 2496 1002 2566 Quibus
1035 2516 1089 2574 ego

73 2588 170 2663 copiis
194 2587 330 2646 omnibus
354 2587 398 2645 ita
420 2605 491 2645 usus
514 2606 589 2662 sum,
620 2590 655 2645 ut
678 2606 713 2645 ex
736 2586 862 2645 Becheri
888 2586 1089 2663 adnotatione,

74 2675 221 2752 siquidem
247 2675 362 2750 aliquid
384 2675 456 2734 novi
479 2678 628 2734 continere
644 2675 811 2750 ridebatur,
834 2675 980 2750 quidquid
993 2675 1088 2734 labori

73 2783 140 2823 meo
164 2764 239 2823 utile
262 2765 377 2840 putavi,
400 2767 518 2823 nomine
543 2765 694 2841 appellato
713 2765 890 2840 proferrem,
913 2766 1016 2839 itaque
1030 2783 1090 2823 non

73 2871 170 2930 pauca
193 2853 243 2912 hic
260 2853 409 2931 leguntur,
433 2873 509 2929 quae
532 2852 646 2930 publici
668 2854 741 2913 iuris
764 2853 895 2914 nondum
918 2854 1038 2913 fecerat.

140 2942 186 3000 De
201 2938 386 3011 Quintiliano
409 2943 586 3002 recensendo
606 2933 679 3024 (quo
699 2943 735 3001 de
750 2962 838 3019 opere
857 2945 925 3019 post
943 2942 1090 3002 Fiervillii

72 3035 104 3090 et
143 3025 322 3091 Petersoni*
354 3032 489 3109 egregios
520 3031 638 3091 labores
676 3034 737 3090 iam
769 3032 841 3091 licet
873 3034 1004 3109 cogitare
1036 3051 1089 3090 nec

147 3203 161 3234 *
182 3200 221 3255 cf.
242 3201 278 3256 M.
303 3200 332 3254 F.
352 3200 490 3269 Fierville,
518 3200 686 3265 Quintiliani
709 3201 744 3255 de
769 3201 947 3254 institutione
966 3201 1090 3254 oratoria

73 3273 147 3327 libor
164 3274 280 3343 primus.
317 3272 405 3326 Tarte
424 3272 496 3326 latin
516 3276 567 3327 etc.
586 3273 675 3340 Paris,
695 3273 783 3326 Didot
803 3277 872 3326 1890
892 3303 924 3311 -
944 3272 1089 3338 Peterson,

72 3344 110 3398 M.
137 3344 209 3398 Fabi
244 3343 412 3409 Quintiliani
448 3344 634 3398 institutionis
671 3343 811 3398 oratoriae
847 3343 919 3396 liber
956 3343 1091 3397 decimus,

72 3417 98 3468 A
116 3415 225 3470 revisod
244 3418 304 3470 text
323 3418 374 3470 eto.
396 3414 510 3487 Oxford,
529 3415 692 3474 Clarondon
705 3415 794 3472 Press
811 3420 898 3470 labi.
