<?xml version="1.0" encoding="UTF-8"?>
<!DOCTYPE html PUBLIC "-//W3C//DTD XHTML 1.0 Transitional//EN"
    "http://www.w3.org/TR/xhtml1/DTD/xhtml1-transitional.dtd">
<html xmlns="http://www.w3.org/1999/xhtml" xml:lang="en" lang="en">
 <head>
  <title>
</title>
<meta http-equiv="Content-Type" content="text/html;charset=utf-8" />
  <meta name='ocr-system' content='tesseract 3.04.00' />
  <meta name='ocr-capabilities' content='ocr_page ocr_carea ocr_par ocr_line ocrx_word'/>
</head>
<body>
  <div class='ocr_page' id='page_1' title='image "./mfabiqvintilian00quingoog_0046.png"; bbox 0 0 2460 3854; ppageno 0'>
   <div class='ocr_carea' id='block_1_1' title="bbox 390 146 1086 213">
    <p class='ocr_par' dir='ltr' id='par_1_1' title="bbox 390 146 1086 213">
     <span class='ocr_line' id='line_1_1' title="bbox 390 146 1086 213; baseline -0.003 -13"><span class='ocrx_word' id='word_1_1' title='bbox 390 146 411 200; x_wconf 87' lang='grc' dir='ltr'><strong>Ι.</strong></span> <span class='ocrx_word' id='word_1_2' title='bbox 440 153 465 213; x_wconf 81' lang='lat'><strong>4,</strong></span> <span class='ocrx_word' id='word_1_3' title='bbox 485 151 600 200; x_wconf 75' lang='lat' dir='ltr'><strong>ae-ao.</strong></span> <span class='ocrx_word' id='word_1_4' title='bbox 637 152 760 213; x_wconf 81' lang='lat' dir='ltr'><strong>o,1-4.</strong></span> <span class='ocrx_word' id='word_1_5' title='bbox 1044 147 1086 209; x_wconf 77' lang='lat'><strong>27</strong></span> 
     </span>
    </p>
   </div>
   <div class='ocr_carea' id='block_1_2' title="bbox 36 311 1141 928">
    <p class='ocr_par' dir='ltr' id='par_1_2' title="bbox 36 311 1141 928">
     <span class='ocr_line' id='line_1_2' title="bbox 62 311 1087 393; baseline -0.002 -18"><span class='ocrx_word' id='word_1_6' title='bbox 62 317 166 390; x_wconf 80' lang='lat' dir='ltr'><strong>aliter,</strong></span> <span class='ocrx_word' id='word_1_7' title='bbox 198 312 244 374; x_wconf 82' lang='lat' dir='ltr'><strong>‘ut</strong></span> <span class='ocrx_word' id='word_1_8' title='bbox 272 315 345 375; x_wconf 87' lang='lat' dir='ltr'><strong>totis</strong></span> <span class='ocrx_word' id='word_1_9' title='bbox 376 335 469 392; x_wconf 91' lang='lat' dir='ltr'><strong>usque</strong></span> <span class='ocrx_word' id='word_1_10' title='bbox 499 315 573 374; x_wconf 91' lang='lat' dir='ltr'><strong>adeo</strong></span> <span class='ocrx_word' id='word_1_11' title='bbox 602 315 743 374; x_wconf 91' lang='lat' dir='ltr'><strong>turbatur</strong></span> <span class='ocrx_word' id='word_1_12' title='bbox 773 311 874 393; x_wconf 81' lang='lat' dir='ltr'><strong>agris&#39;.</strong></span> <span class='ocrx_word' id='word_1_13' title='bbox 921 319 966 375; x_wconf 89' lang='lat' dir='ltr'><strong>est</strong></span> <span class='ocrx_word' id='word_1_14' title='bbox 996 315 1087 374; x_wconf 92' lang='lat' dir='ltr'><strong>etiam</strong></span> 
     </span>
     <span class='ocr_line' id='line_1_3' title="bbox 63 399 1087 482; baseline -0.001 -19"><span class='ocrx_word' id='word_1_15' title='bbox 63 406 191 482; x_wconf 88' lang='lat' dir='ltr'><strong>quidam</strong></span> <span class='ocrx_word' id='word_1_16' title='bbox 214 407 322 464; x_wconf 86' lang='lat' dir='ltr'><strong>tertius</strong></span> <span class='ocrx_word' id='word_1_17' title='bbox 345 405 459 478; x_wconf 90' lang='lat' dir='ltr'><strong>modus,</strong></span> <span class='ocrx_word' id='word_1_18' title='bbox 482 408 516 463; x_wconf 91' lang='lat' dir='ltr'><strong>ut</strong></span> <span class='ocrx_word' id='word_1_19' title='bbox 541 401 622 464; x_wconf 80' lang='lat' dir='ltr'><strong>‘urbs</strong></span> <span class='ocrx_word' id='word_1_20' title='bbox 646 399 822 478; x_wconf 86' lang='lat' dir='ltr'><strong>habitatur&#39;‚</strong></span> <span class='ocrx_word' id='word_1_21' title='bbox 845 403 923 463; x_wconf 91' lang='lat' dir='ltr'><strong>unde</strong></span> <span class='ocrx_word' id='word_1_22' title='bbox 947 409 977 462; x_wconf 87' lang='lat' dir='ltr'><strong>et</strong></span> <span class='ocrx_word' id='word_1_23' title='bbox 997 400 1087 463; x_wconf 81' lang='lat' dir='ltr'><strong>‘eam-</strong></span> 
     </span>
     <span class='ocr_line' id='line_1_4' title="bbox 62 489 1141 571; baseline -0.006 -18"><span class='ocrx_word' id='word_1_24' title='bbox 62 514 122 570; x_wconf 92' lang='lat' dir='ltr'><strong>pus</strong></span> <span class='ocrx_word' id='word_1_25' title='bbox 152 490 293 554; x_wconf 76' lang='lat' dir='ltr'><strong>emritm&#39;</strong></span> <span class='ocrx_word' id='word_1_26' title='bbox 323 497 354 553; x_wconf 91' lang='lat' dir='ltr'><strong>et</strong></span> <span class='ocrx_word' id='word_1_27' title='bbox 383 490 476 552; x_wconf 82' lang='lat' dir='ltr'><strong>‘maro</strong></span> <span class='ocrx_word' id='word_1_28' title='bbox 503 489 686 571; x_wconf 85' lang='lat' dir='ltr'><strong>navigatur&#39;.</strong></span> <span class='ocrx_word' id='word_1_29' title='bbox 730 489 879 568; x_wconf 81' lang='lat' dir='ltr'><strong>‘pransus&#39;</strong></span> <span class='ocrx_word' id='word_1_30' title='bbox 905 512 1024 568; x_wconf 90' lang='lat' dir='ltr'><strong>quoque</strong></span> <span class='ocrx_word' id='word_1_31' title='bbox 1052 512 1087 553; x_wconf 89' lang='lat' dir='ltr'><strong>ae</strong></span> <span class='ocrx_word' id='word_1_32' title='bbox 1101 493 1141 548; x_wconf 77' lang='lat'><strong>29</strong></span> 
     </span>
     <span class='ocr_line' id='line_1_5' title="bbox 64 579 1088 659; baseline 0 -17"><span class='ocrx_word' id='word_1_33' title='bbox 64 579 181 659; x_wconf 75' lang='lat' dir='ltr'><strong>‘potus&#39;</strong></span> <span class='ocrx_word' id='word_1_34' title='bbox 211 583 362 642; x_wconf 89' lang='lat' dir='ltr'><strong>diversum</strong></span> <span class='ocrx_word' id='word_1_35' title='bbox 392 583 473 642; x_wconf 87' lang='lat' dir='ltr'><strong>valet</strong></span> <span class='ocrx_word' id='word_1_36' title='bbox 504 602 594 658; x_wconf 91' lang='lat' dir='ltr'><strong>quam</strong></span> <span class='ocrx_word' id='word_1_37' title='bbox 623 583 745 641; x_wconf 89' lang='lat' dir='ltr'><strong>indicat.</strong></span> <span class='ocrx_word' id='word_1_38' title='bbox 789 582 861 658; x_wconf 92' lang='lat' dir='ltr'><strong>quid</strong></span> <span class='ocrx_word' id='word_1_39' title='bbox 889 581 969 657; x_wconf 92' lang='lat' dir='ltr'><strong>quod</strong></span> <span class='ocrx_word' id='word_1_40' title='bbox 991 584 1088 642; x_wconf 91' lang='lat' dir='ltr'><strong>multa</strong></span> 
     </span>
     <span class='ocr_line' id='line_1_6' title="bbox 36 670 1088 746; baseline -0.005 -12"><span class='ocrx_word' id='word_1_41' title='bbox 36 673 159 734; x_wconf 82' lang='lat' dir='ltr'><strong>averba</strong></span> <span class='ocrx_word' id='word_1_42' title='bbox 186 692 245 731; x_wconf 92' lang='lat' dir='ltr'><strong>non</strong></span> <span class='ocrx_word' id='word_1_43' title='bbox 273 674 372 731; x_wconf 91' lang='lat' dir='ltr'><strong>totum</strong></span> <span class='ocrx_word' id='word_1_44' title='bbox 395 672 602 730; x_wconf 75' lang='lat' dir='ltr'><strong>declinationis</strong></span> <span class='ocrx_word' id='word_1_45' title='bbox 626 671 759 730; x_wconf 82' lang='lat' dir='ltr'><strong>ordinem</strong></span> <span class='ocrx_word' id='word_1_46' title='bbox 783 670 904 730; x_wconf 80' lang='lat' dir='ltr'><strong>ferunt?</strong></span> <span class='ocrx_word' id='word_1_47' title='bbox 940 672 1088 746; x_wconf 77' lang='lat' dir='ltr'><strong>quaedam</strong></span> 
     </span>
     <span class='ocr_line' id='line_1_7' title="bbox 64 755 1087 836; baseline -0.001 -16"><span class='ocrx_word' id='word_1_48' title='bbox 64 764 159 820; x_wconf 89' lang='lat' dir='ltr'><strong>etiam</strong></span> <span class='ocrx_word' id='word_1_49' title='bbox 188 763 352 835; x_wconf 86' lang='lat' dir='ltr'><strong>mutantur,</strong></span> <span class='ocrx_word' id='word_1_50' title='bbox 379 764 414 819; x_wconf 93' lang='lat' dir='ltr'><strong>ut</strong></span> <span class='ocrx_word' id='word_1_51' title='bbox 438 755 524 819; x_wconf 74' lang='lat' dir='ltr'><strong>‘fero&#39;</strong></span> <span class='ocrx_word' id='word_1_52' title='bbox 549 761 581 819; x_wconf 95' lang='lat' dir='ltr'><strong>in</strong></span> <span class='ocrx_word' id='word_1_53' title='bbox 607 762 780 836; x_wconf 87' lang='lat' dir='ltr'><strong>praeterito,</strong></span> <span class='ocrx_word' id='word_1_54' title='bbox 809 761 957 836; x_wconf 89' lang='lat' dir='ltr'><strong>quaedam</strong></span> <span class='ocrx_word' id='word_1_55' title='bbox 979 763 1087 820; x_wconf 74' lang='lat' dir='ltr'><strong>tertiae</strong></span> 
     </span>
     <span class='ocr_line' id='line_1_8' title="bbox 63 843 1087 928; baseline -0.003 -18"><span class='ocrx_word' id='word_1_56' title='bbox 63 851 185 910; x_wconf 90' lang='lat' dir='ltr'><strong>demum</strong></span> <span class='ocrx_word' id='word_1_57' title='bbox 208 869 352 925; x_wconf 79' lang='lat' dir='ltr'><strong>personae</strong></span> <span class='ocrx_word' id='word_1_58' title='bbox 370 849 466 928; x_wconf 82' lang='lat' dir='ltr'><strong>figura</strong></span> <span class='ocrx_word' id='word_1_59' title='bbox 485 850 634 917; x_wconf 84' lang='lat' dir='ltr'><strong>dicuntur,</strong></span> <span class='ocrx_word' id='word_1_60' title='bbox 658 851 692 907; x_wconf 92' lang='lat' dir='ltr'><strong>ut</strong></span> <span class='ocrx_word' id='word_1_61' title='bbox 712 845 794 908; x_wconf 83' lang='lat' dir='ltr'><strong>‘lieet</strong></span> <span class='ocrx_word' id='word_1_62' title='bbox 812 843 916 926; x_wconf 81' lang='lat' dir='ltr'><strong>piget&#39;,</strong></span> <span class='ocrx_word' id='word_1_63' title='bbox 941 849 1087 924; x_wconf 84' lang='lat' dir='ltr'><strong>quaedam</strong></span> 
     </span>
    </p>
   </div>
   <div class='ocr_carea' id='block_1_3' title="bbox 20 939 1138 3243">
    <p class='ocr_par' dir='ltr' id='par_1_3' title="bbox 63 939 1086 1101">
     <span class='ocr_line' id='line_1_9' title="bbox 64 939 1086 1017; baseline -0.002 -18"><span class='ocrx_word' id='word_1_64' title='bbox 64 940 165 999; x_wconf 83' lang='lat' dir='ltr'><strong>simile</strong></span> <span class='ocrx_word' id='word_1_65' title='bbox 194 939 336 1014; x_wconf 87' lang='lat' dir='ltr'><strong>quiddam</strong></span> <span class='ocrx_word' id='word_1_66' title='bbox 363 939 521 1017; x_wconf 80' lang='lat' dir='ltr'><strong>patiuntur</strong></span> <span class='ocrx_word' id='word_1_67' title='bbox 543 939 697 997; x_wconf 84' lang='lat' dir='ltr'><strong>vocabulis</strong></span> <span class='ocrx_word' id='word_1_68' title='bbox 719 941 753 996; x_wconf 92' lang='lat' dir='ltr'><strong>in</strong></span> <span class='ocrx_word' id='word_1_69' title='bbox 776 939 951 998; x_wconf 87' lang='lat' dir='ltr'><strong>adverbium</strong></span> <span class='ocrx_word' id='word_1_70' title='bbox 973 942 1086 998; x_wconf 87' lang='lat' dir='ltr'><strong>transe-</strong></span> 
     </span>
     <span class='ocr_line' id='line_1_10' title="bbox 63 1023 1086 1101; baseline -0.003 -13"><span class='ocrx_word' id='word_1_71' title='bbox 63 1026 212 1088; x_wconf 77' lang='lat' dir='ltr'><strong>untibus?</strong></span> <span class='ocrx_word' id='word_1_72' title='bbox 249 1047 319 1086; x_wconf 90' lang='lat' dir='ltr'><strong>nam</strong></span> <span class='ocrx_word' id='word_1_73' title='bbox 349 1032 383 1086; x_wconf 87' lang='lat' dir='ltr'><strong>ut</strong></span> <span class='ocrx_word' id='word_1_74' title='bbox 414 1023 526 1087; x_wconf 87' lang='lat' dir='ltr'><strong>‘noctu&#39;</strong></span> <span class='ocrx_word' id='word_1_75' title='bbox 558 1031 588 1086; x_wconf 89' lang='lat' dir='ltr'><strong>et</strong></span> <span class='ocrx_word' id='word_1_76' title='bbox 621 1023 708 1101; x_wconf 83' lang='lat' dir='ltr'><strong>‘diu’‚</strong></span> <span class='ocrx_word' id='word_1_77' title='bbox 739 1029 785 1085; x_wconf 90' lang='lat' dir='ltr'><strong>ita</strong></span> <span class='ocrx_word' id='word_1_78' title='bbox 818 1023 933 1100; x_wconf 80' lang='lat' dir='ltr'><strong>‘diotu&#39;‚</strong></span> <span class='ocrx_word' id='word_1_79' title='bbox 967 1023 1086 1100; x_wconf 77' lang='lat' dir='ltr'><strong>‘faotu&#39;3</strong></span> 
     </span>
    </p>

    <p class='ocr_par' dir='ltr' id='par_1_4' title="bbox 22 1117 1088 1282">
     <span class='ocr_line' id='line_1_11' title="bbox 22 1117 1088 1193; baseline -0.005 -14"><span class='ocrx_word' id='word_1_80' title='bbox 22 1140 49 1179; x_wconf 83' lang='lat' dir='ltr'><strong>ro</strong></span> <span class='ocrx_word' id='word_1_81' title='bbox 63 1120 137 1178; x_wconf 80' lang='lat' dir='ltr'><strong>sunt</strong></span> <span class='ocrx_word' id='word_1_82' title='bbox 167 1119 247 1176; x_wconf 89' lang='lat' dir='ltr'><strong>enim</strong></span> <span class='ocrx_word' id='word_1_83' title='bbox 277 1117 349 1177; x_wconf 90' lang='lat' dir='ltr'><strong>haee</strong></span> <span class='ocrx_word' id='word_1_84' title='bbox 378 1135 496 1193; x_wconf 88' lang='lat' dir='ltr'><strong>quoquc</strong></span> <span class='ocrx_word' id='word_1_85' title='bbox 526 1117 618 1175; x_wconf 87' lang='lat' dir='ltr'><strong>verba</strong></span> <span class='ocrx_word' id='word_1_86' title='bbox 647 1117 838 1192; x_wconf 84' lang='lat' dir='ltr'><strong>participalia</strong></span> <span class='ocrx_word' id='word_1_87' title='bbox 869 1117 998 1191; x_wconf 83' lang='lat' dir='ltr'><strong>quidem,</strong></span> <span class='ocrx_word' id='word_1_88' title='bbox 1027 1136 1088 1175; x_wconf 92' lang='lat' dir='ltr'><strong>non</strong></span> 
     </span>
     <span class='ocr_line' id='line_1_12' title="bbox 63 1201 593 1282; baseline -0.006 -17"><span class='ocrx_word' id='word_1_89' title='bbox 63 1211 168 1266; x_wconf 88' lang='lat' dir='ltr'><strong>tamen</strong></span> <span class='ocrx_word' id='word_1_90' title='bbox 191 1207 295 1282; x_wconf 87' lang='lat' dir='ltr'><strong>qualia</strong></span> <span class='ocrx_word' id='word_1_91' title='bbox 319 1202 410 1266; x_wconf 76' lang='lat' dir='ltr'><strong>‘dieto</strong></span> <span class='ocrx_word' id='word_1_92' title='bbox 433 1201 593 1282; x_wconf 80' lang='lat' dir='ltr'><strong>factoque&#39;.</strong></span> 
     </span>
    </p>

    <p class='ocr_par' dir='ltr' id='par_1_5' title="bbox 62 1293 1138 1551">
     <span class='ocr_line' id='line_1_13' title="bbox 132 1293 1138 1370; baseline -0.001 -17"><span class='ocrx_word' id='word_1_93' title='bbox 132 1296 169 1354; x_wconf 89' lang='lat' dir='ltr'><strong>V.</strong></span> <span class='ocrx_word' id='word_1_94' title='bbox 202 1295 268 1354; x_wconf 90' lang='lat' dir='ltr'><strong>Iam</strong></span> <span class='ocrx_word' id='word_1_95' title='bbox 291 1314 358 1354; x_wconf 90' lang='lat' dir='ltr'><strong>cum</strong></span> <span class='ocrx_word' id='word_1_96' title='bbox 381 1297 477 1354; x_wconf 90' lang='lat' dir='ltr'><strong>oratio</strong></span> <span class='ocrx_word' id='word_1_97' title='bbox 500 1294 557 1354; x_wconf 87' lang='lat' dir='ltr'><strong>tris</strong></span> <span class='ocrx_word' id='word_1_98' title='bbox 580 1294 691 1353; x_wconf 89' lang='lat' dir='ltr'><strong>habeat</strong></span> <span class='ocrx_word' id='word_1_99' title='bbox 708 1296 844 1370; x_wconf 85' lang='lat' dir='ltr'><strong>virtutes,</strong></span> <span class='ocrx_word' id='word_1_100' title='bbox 867 1297 902 1352; x_wconf 93' lang='lat' dir='ltr'><strong>ut</strong></span> <span class='ocrx_word' id='word_1_101' title='bbox 920 1294 1086 1367; x_wconf 85' lang='lat' dir='ltr'><strong>emendata,</strong></span> <span class='ocrx_word' id='word_1_102' title='bbox 1123 1293 1138 1346; x_wconf 96' lang='lat' dir='ltr'><strong>l</strong></span> 
     </span>
     <span class='ocr_line' id='line_1_14' title="bbox 63 1376 1087 1466; baseline -0.001 -23"><span class='ocrx_word' id='word_1_103' title='bbox 63 1388 99 1443; x_wconf 90' lang='lat' dir='ltr'><strong>ut</strong></span> <span class='ocrx_word' id='word_1_104' title='bbox 131 1384 273 1458; x_wconf 84' lang='lat' dir='ltr'><strong>dilucida,</strong></span> <span class='ocrx_word' id='word_1_105' title='bbox 304 1388 339 1444; x_wconf 91' lang='lat' dir='ltr'><strong>ut</strong></span> <span class='ocrx_word' id='word_1_106' title='bbox 368 1388 475 1444; x_wconf 88' lang='lat' dir='ltr'><strong>ornata</strong></span> <span class='ocrx_word' id='word_1_107' title='bbox 504 1387 544 1443; x_wconf 90' lang='lat' dir='ltr'><strong>sit</strong></span> <span class='ocrx_word' id='word_1_108' title='bbox 574 1376 661 1466; x_wconf 86' lang='lat' dir='ltr'><strong>(quia</strong></span> <span class='ocrx_word' id='word_1_109' title='bbox 692 1383 788 1443; x_wconf 81' lang='lat' dir='ltr'><strong>dicere</strong></span> <span class='ocrx_word' id='word_1_110' title='bbox 818 1388 897 1458; x_wconf 89' lang='lat' dir='ltr'><strong>apte,</strong></span> <span class='ocrx_word' id='word_1_111' title='bbox 930 1384 1011 1459; x_wconf 92' lang='lat' dir='ltr'><strong>quod</strong></span> <span class='ocrx_word' id='word_1_112' title='bbox 1042 1386 1087 1442; x_wconf 90' lang='lat' dir='ltr'><strong>est</strong></span> 
     </span>
     <span class='ocr_line' id='line_1_15' title="bbox 62 1466 1086 1551; baseline -0.002 -19"><span class='ocrx_word' id='word_1_113' title='bbox 62 1474 274 1550; x_wconf 89' lang='lat' dir='ltr'><strong>praecipuum,</strong></span> <span class='ocrx_word' id='word_1_114' title='bbox 305 1474 441 1550; x_wconf 83' lang='lat' dir='ltr'><strong>plerique</strong></span> <span class='ocrx_word' id='word_1_115' title='bbox 474 1476 594 1532; x_wconf 89' lang='lat' dir='ltr'><strong>ornatui</strong></span> <span class='ocrx_word' id='word_1_116' title='bbox 626 1466 806 1551; x_wconf 81' lang='lat' dir='ltr'><strong>subiciunt),</strong></span> <span class='ocrx_word' id='word_1_117' title='bbox 844 1474 971 1533; x_wconf 86' lang='lat' dir='ltr'><strong>totidem</strong></span> <span class='ocrx_word' id='word_1_118' title='bbox 1002 1475 1086 1546; x_wconf 86' lang='lat' dir='ltr'><strong>vitia,</strong></span> 
     </span>
    </p>

    <p class='ocr_par' dir='ltr' id='par_1_6' title="bbox 20 1562 1136 2620">
     <span class='ocr_line' id='line_1_16' title="bbox 21 1562 1085 1640; baseline -0.005 -14"><span class='ocrx_word' id='word_1_119' title='bbox 21 1586 47 1626; x_wconf 79' lang='lat' dir='ltr'><strong>ru</strong></span> <span class='ocrx_word' id='word_1_120' title='bbox 63 1582 142 1639; x_wconf 88' lang='lat' dir='ltr'><strong>quae</strong></span> <span class='ocrx_word' id='word_1_121' title='bbox 166 1566 236 1622; x_wconf 86' lang='lat' dir='ltr'><strong>sunt</strong></span> <span class='ocrx_word' id='word_1_122' title='bbox 259 1581 349 1638; x_wconf 88' lang='lat' dir='ltr'><strong>supra</strong></span> <span class='ocrx_word' id='word_1_123' title='bbox 373 1563 460 1622; x_wconf 86' lang='lat' dir='ltr'><strong>dictis</strong></span> <span class='ocrx_word' id='word_1_124' title='bbox 479 1563 643 1622; x_wconf 84' lang='lat' dir='ltr'><strong>contraria:</strong></span> <span class='ocrx_word' id='word_1_125' title='bbox 667 1562 822 1621; x_wconf 88' lang='lat' dir='ltr'><strong>emendate</strong></span> <span class='ocrx_word' id='word_1_126' title='bbox 840 1562 982 1639; x_wconf 89' lang='lat' dir='ltr'><strong>loquendi</strong></span> <span class='ocrx_word' id='word_1_127' title='bbox 1000 1582 1085 1640; x_wconf 83' lang='lat' dir='ltr'><strong>regu·</strong></span> 
     </span>
     <span class='ocr_line' id='line_1_17' title="bbox 62 1646 1136 1730; baseline 0.001 -20"><span class='ocrx_word' id='word_1_128' title='bbox 62 1653 134 1727; x_wconf 89' lang='lat' dir='ltr'><strong>lam,</strong></span> <span class='ocrx_word' id='word_1_129' title='bbox 168 1671 245 1729; x_wconf 91' lang='lat' dir='ltr'><strong>quae</strong></span> <span class='ocrx_word' id='word_1_130' title='bbox 277 1654 487 1730; x_wconf 83' lang='lat' dir='ltr'><strong>grammatices</strong></span> <span class='ocrx_word' id='word_1_131' title='bbox 517 1651 601 1728; x_wconf 91' lang='lat' dir='ltr'><strong>prior</strong></span> <span class='ocrx_word' id='word_1_132' title='bbox 630 1669 700 1728; x_wconf 91' lang='lat' dir='ltr'><strong>pars</strong></span> <span class='ocrx_word' id='word_1_133' title='bbox 731 1653 785 1725; x_wconf 82' lang='lat' dir='ltr'><strong>est,</strong></span> <span class='ocrx_word' id='word_1_134' title='bbox 815 1652 971 1711; x_wconf 80' lang='lat' dir='ltr'><strong>examinet.</strong></span> <span class='ocrx_word' id='word_1_135' title='bbox 1013 1652 1086 1711; x_wconf 91' lang='lat' dir='ltr'><strong>haec</strong></span> <span class='ocrx_word' id='word_1_136' title='bbox 1118 1646 1136 1700; x_wconf 72' lang='lat'><strong>2</strong></span> 
     </span>
     <span class='ocr_line' id='line_1_18' title="bbox 63 1740 1085 1820; baseline -0.003 -20"><span class='ocrx_word' id='word_1_137' title='bbox 63 1744 197 1820; x_wconf 81' lang='lat' dir='ltr'><strong>exigitur</strong></span> <span class='ocrx_word' id='word_1_138' title='bbox 214 1741 312 1801; x_wconf 87' lang='lat' dir='ltr'><strong>verbis</strong></span> <span class='ocrx_word' id='word_1_139' title='bbox 332 1744 385 1800; x_wconf 86' lang='lat' dir='ltr'><strong>aut</strong></span> <span class='ocrx_word' id='word_1_140' title='bbox 403 1742 530 1820; x_wconf 82' lang='lat' dir='ltr'><strong>singulis</strong></span> <span class='ocrx_word' id='word_1_141' title='bbox 549 1744 603 1801; x_wconf 89' lang='lat' dir='ltr'><strong>aut</strong></span> <span class='ocrx_word' id='word_1_142' title='bbox 621 1740 767 1816; x_wconf 87' lang='lat' dir='ltr'><strong>pluribus.</strong></span> <span class='ocrx_word' id='word_1_143' title='bbox 791 1741 882 1799; x_wconf 88' lang='lat' dir='ltr'><strong>verba</strong></span> <span class='ocrx_word' id='word_1_144' title='bbox 901 1759 979 1800; x_wconf 89' lang='lat' dir='ltr'><strong>nune</strong></span> <span class='ocrx_word' id='word_1_145' title='bbox 998 1760 1085 1818; x_wconf 80' lang='lat' dir='ltr'><strong>gene·</strong></span> 
     </span>
     <span class='ocr_line' id='line_1_19' title="bbox 61 1829 1086 1908; baseline -0.002 -18"><span class='ocrx_word' id='word_1_146' title='bbox 61 1831 170 1890; x_wconf 89' lang='lat' dir='ltr'><strong>raliter</strong></span> <span class='ocrx_word' id='word_1_147' title='bbox 187 1831 284 1908; x_wconf 87' lang='lat' dir='ltr'><strong>aceipi</strong></span> <span class='ocrx_word' id='word_1_148' title='bbox 302 1832 383 1890; x_wconf 85' lang='lat' dir='ltr'><strong>volo:</strong></span> <span class='ocrx_word' id='word_1_149' title='bbox 402 1850 473 1889; x_wconf 90' lang='lat' dir='ltr'><strong>nam</strong></span> <span class='ocrx_word' id='word_1_150' title='bbox 491 1830 600 1906; x_wconf 83' lang='lat' dir='ltr'><strong>duplex</strong></span> <span class='ocrx_word' id='word_1_151' title='bbox 619 1849 721 1889; x_wconf 91' lang='lat' dir='ltr'><strong>eorum</strong></span> <span class='ocrx_word' id='word_1_152' title='bbox 739 1830 909 1889; x_wconf 88' lang='lat' dir='ltr'><strong>intellectus</strong></span> <span class='ocrx_word' id='word_1_153' title='bbox 928 1833 982 1904; x_wconf 88' lang='lat' dir='ltr'><strong>est,</strong></span> <span class='ocrx_word' id='word_1_154' title='bbox 1001 1829 1086 1904; x_wconf 88' lang='lat' dir='ltr'><strong>alter,</strong></span> 
     </span>
     <span class='ocr_line' id='line_1_20' title="bbox 64 1919 1084 1996; baseline -0.004 -16"><span class='ocrx_word' id='word_1_155' title='bbox 64 1921 115 1996; x_wconf 86' lang='lat' dir='ltr'><strong>qui</strong></span> <span class='ocrx_word' id='word_1_156' title='bbox 145 1921 255 1995; x_wconf 90' lang='lat' dir='ltr'><strong>omnia,</strong></span> <span class='ocrx_word' id='word_1_157' title='bbox 282 1940 336 1996; x_wconf 86' lang='lat' dir='ltr'><strong>par</strong></span> <span class='ocrx_word' id='word_1_158' title='bbox 363 1938 440 1996; x_wconf 88' lang='lat' dir='ltr'><strong>quae</strong></span> <span class='ocrx_word' id='word_1_159' title='bbox 471 1939 565 1978; x_wconf 86' lang='lat' dir='ltr'><strong>sermo</strong></span> <span class='ocrx_word' id='word_1_160' title='bbox 593 1922 733 1992; x_wconf 73' lang='lat' dir='ltr'><strong>nectitur,</strong></span> <span class='ocrx_word' id='word_1_161' title='bbox 762 1919 920 1996; x_wconf 84' lang='lat' dir='ltr'><strong>signifieat,</strong></span> <span class='ocrx_word' id='word_1_162' title='bbox 948 1921 982 1976; x_wconf 91' lang='lat' dir='ltr'><strong>ut</strong></span> <span class='ocrx_word' id='word_1_163' title='bbox 1005 1919 1084 1994; x_wconf 91' lang='lat' dir='ltr'><strong>apud</strong></span> 
     </span>
     <span class='ocr_line' id='line_1_21' title="bbox 21 2009 240 2071; baseline -0.018 0"><span class='ocrx_word' id='word_1_164' title='bbox 21 2032 48 2071; x_wconf 84' lang='lat' dir='ltr'><strong>ao</strong></span> <span class='ocrx_word' id='word_1_165' title='bbox 62 2009 240 2069; x_wconf 86' lang='lat' dir='ltr'><strong>Horatium:</strong></span> 
     </span>
     <span class='ocr_line' id='line_1_22' title="bbox 160 2091 996 2174; baseline -0.002 -18"><span class='ocrx_word' id='word_1_166' title='bbox 160 2094 322 2174; x_wconf 79' lang='lat' dir='ltr'><strong>‘verbaque</strong></span> <span class='ocrx_word' id='word_1_167' title='bbox 344 2100 496 2173; x_wconf 90' lang='lat' dir='ltr'><strong>provisam</strong></span> <span class='ocrx_word' id='word_1_168' title='bbox 519 2117 583 2156; x_wconf 91' lang='lat' dir='ltr'><strong>rem</strong></span> <span class='ocrx_word' id='word_1_169' title='bbox 606 2118 666 2157; x_wconf 92' lang='lat' dir='ltr'><strong>non</strong></span> <span class='ocrx_word' id='word_1_170' title='bbox 689 2097 786 2155; x_wconf 80' lang='lat' dir='ltr'><strong>invita</strong></span> <span class='ocrx_word' id='word_1_171' title='bbox 809 2091 996 2172; x_wconf 77' lang='lat' dir='ltr'><strong>sequentur&#39;3</strong></span> 
     </span>
     <span class='ocr_line' id='line_1_23' title="bbox 62 2181 1086 2263; baseline -0.003 -17"><span class='ocrx_word' id='word_1_172' title='bbox 62 2188 150 2262; x_wconf 86' lang='lat' dir='ltr'><strong>alter,</strong></span> <span class='ocrx_word' id='word_1_173' title='bbox 177 2189 211 2246; x_wconf 92' lang='lat' dir='ltr'><strong>in</strong></span> <span class='ocrx_word' id='word_1_174' title='bbox 238 2206 298 2263; x_wconf 90' lang='lat' dir='ltr'><strong>quo</strong></span> <span class='ocrx_word' id='word_1_175' title='bbox 322 2190 368 2246; x_wconf 88' lang='lat' dir='ltr'><strong>est</strong></span> <span class='ocrx_word' id='word_1_176' title='bbox 389 2206 451 2246; x_wconf 91' lang='lat' dir='ltr'><strong>una</strong></span> <span class='ocrx_word' id='word_1_177' title='bbox 472 2205 543 2262; x_wconf 88' lang='lat' dir='ltr'><strong>pars</strong></span> <span class='ocrx_word' id='word_1_178' title='bbox 567 2188 711 2246; x_wconf 90' lang='lat' dir='ltr'><strong>orationis</strong></span> <span class='ocrx_word' id='word_1_179' title='bbox 737 2182 815 2262; x_wconf 81' lang='lat' dir='ltr'><strong>‘lego</strong></span> <span class='ocrx_word' id='word_1_180' title='bbox 839 2181 962 2245; x_wconf 89' lang='lat' dir='ltr'><strong>seribo&#39;:</strong></span> <span class='ocrx_word' id='word_1_181' title='bbox 996 2203 1086 2261; x_wconf 90' lang='lat' dir='ltr'><strong>quam</strong></span> 
     </span>
     <span class='ocr_line' id='line_1_24' title="bbox 60 2275 1085 2354; baseline -0.004 -17"><span class='ocrx_word' id='word_1_182' title='bbox 60 2277 195 2337; x_wconf 84' lang='lat' dir='ltr'><strong>vitantes</strong></span> <span class='ocrx_word' id='word_1_183' title='bbox 232 2276 460 2354; x_wconf 84' lang='lat' dir='ltr'><strong>ambiguitatem</strong></span> <span class='ocrx_word' id='word_1_184' title='bbox 498 2276 620 2352; x_wconf 92' lang='lat' dir='ltr'><strong>quidam</strong></span> <span class='ocrx_word' id='word_1_185' title='bbox 657 2275 754 2333; x_wconf 88' lang='lat' dir='ltr'><strong>dicere</strong></span> <span class='ocrx_word' id='word_1_186' title='bbox 786 2276 957 2334; x_wconf 90' lang='lat' dir='ltr'><strong>maluerunt</strong></span> <span class='ocrx_word' id='word_1_187' title='bbox 989 2293 1085 2349; x_wconf 84' lang='lat' dir='ltr'><strong>voces,</strong></span> 
     </span>
     <span class='ocr_line' id='line_1_25' title="bbox 61 2359 1135 2443; baseline -0.003 -19"><span class='ocrx_word' id='word_1_188' title='bbox 61 2366 239 2442; x_wconf 82' lang='lat' dir='ltr'><strong>locutiones,</strong></span> <span class='ocrx_word' id='word_1_189' title='bbox 269 2365 422 2425; x_wconf 84' lang='lat' dir='ltr'><strong>dictiones.</strong></span> <span class='ocrx_word' id='word_1_190' title='bbox 465 2366 583 2443; x_wconf 85' lang='lat' dir='ltr'><strong>singula</strong></span> <span class='ocrx_word' id='word_1_191' title='bbox 613 2368 683 2423; x_wconf 87' lang='lat' dir='ltr'><strong>sunt</strong></span> <span class='ocrx_word' id='word_1_192' title='bbox 713 2367 767 2422; x_wconf 92' lang='lat' dir='ltr'><strong>aut</strong></span> <span class='ocrx_word' id='word_1_193' title='bbox 794 2367 897 2423; x_wconf 89' lang='lat' dir='ltr'><strong>nostra</strong></span> <span class='ocrx_word' id='word_1_194' title='bbox 925 2367 979 2423; x_wconf 86' lang='lat' dir='ltr'><strong>aut</strong></span> <span class='ocrx_word' id='word_1_195' title='bbox 1001 2383 1083 2439; x_wconf 90' lang='lat' dir='ltr'><strong>pere·</strong></span> <span class='ocrx_word' id='word_1_196' title='bbox 1116 2359 1135 2413; x_wconf 74' lang='grc'><strong>3</strong></span> 
     </span>
     <span class='ocr_line' id='line_1_26' title="bbox 20 2453 1087 2534; baseline -0.006 -17"><span class='ocrx_word' id='word_1_197' title='bbox 20 2455 160 2534; x_wconf 78' lang='lat' dir='ltr'><strong>regrina,</strong></span> <span class='ocrx_word' id='word_1_198' title='bbox 184 2458 237 2514; x_wconf 88' lang='lat' dir='ltr'><strong>aut</strong></span> <span class='ocrx_word' id='word_1_199' title='bbox 259 2453 408 2530; x_wconf 88' lang='lat' dir='ltr'><strong>simplicia</strong></span> <span class='ocrx_word' id='word_1_200' title='bbox 432 2457 485 2512; x_wconf 90' lang='lat' dir='ltr'><strong>aut</strong></span> <span class='ocrx_word' id='word_1_201' title='bbox 508 2456 682 2530; x_wconf 86' lang='lat' dir='ltr'><strong>composita,</strong></span> <span class='ocrx_word' id='word_1_202' title='bbox 706 2463 758 2512; x_wconf 90' lang='lat' dir='ltr'><strong>aut</strong></span> <span class='ocrx_word' id='word_1_203' title='bbox 776 2455 899 2530; x_wconf 91' lang='lat' dir='ltr'><strong>propria</strong></span> <span class='ocrx_word' id='word_1_204' title='bbox 917 2457 971 2512; x_wconf 89' lang='lat' dir='ltr'><strong>aut</strong></span> <span class='ocrx_word' id='word_1_205' title='bbox 988 2455 1087 2513; x_wconf 88' lang='lat' dir='ltr'><strong>trans-</strong></span> 
     </span>
     <span class='ocr_line' id='line_1_27' title="bbox 61 2543 527 2620; baseline 0.002 -18"><span class='ocrx_word' id='word_1_206' title='bbox 61 2545 136 2620; x_wconf 80' lang='lat' dir='ltr'><strong>lata,</strong></span> <span class='ocrx_word' id='word_1_207' title='bbox 161 2547 214 2603; x_wconf 89' lang='lat' dir='ltr'><strong>aut</strong></span> <span class='ocrx_word' id='word_1_208' title='bbox 236 2545 350 2603; x_wconf 88' lang='lat' dir='ltr'><strong>usitata</strong></span> <span class='ocrx_word' id='word_1_209' title='bbox 372 2547 426 2602; x_wconf 90' lang='lat' dir='ltr'><strong>aut</strong></span> <span class='ocrx_word' id='word_1_210' title='bbox 448 2543 527 2603; x_wconf 86' lang='lat' dir='ltr'><strong>ficta.</strong></span> 
     </span>
    </p>

    <p class='ocr_par' dir='ltr' id='par_1_7' title="bbox 62 2632 1095 2888">
     <span class='ocr_line' id='line_1_28' title="bbox 130 2632 1087 2710; baseline -0.001 -18"><span class='ocrx_word' id='word_1_211' title='bbox 130 2632 193 2692; x_wconf 90' lang='lat' dir='ltr'><strong>Uni</strong></span> <span class='ocrx_word' id='word_1_212' title='bbox 223 2633 313 2693; x_wconf 86' lang='lat' dir='ltr'><strong>verbo</strong></span> <span class='ocrx_word' id='word_1_213' title='bbox 345 2634 454 2693; x_wconf 84' lang='lat' dir='ltr'><strong>vitium</strong></span> <span class='ocrx_word' id='word_1_214' title='bbox 487 2633 604 2709; x_wconf 87' lang='lat' dir='ltr'><strong>saepius</strong></span> <span class='ocrx_word' id='word_1_215' title='bbox 638 2653 728 2710; x_wconf 90' lang='lat' dir='ltr'><strong>quam</strong></span> <span class='ocrx_word' id='word_1_216' title='bbox 760 2634 856 2692; x_wconf 74' lang='lat' dir='ltr'><strong>virtus</strong></span> <span class='ocrx_word' id='word_1_217' title='bbox 888 2634 973 2692; x_wconf 89' lang='lat' dir='ltr'><strong>inest.</strong></span> <span class='ocrx_word' id='word_1_218' title='bbox 1016 2632 1087 2691; x_wconf 90' lang='lat' dir='ltr'><strong>licet</strong></span> 
     </span>
     <span class='ocr_line' id='line_1_29' title="bbox 62 2721 1095 2799; baseline -0.002 -19"><span class='ocrx_word' id='word_1_219' title='bbox 62 2724 145 2781; x_wconf 89' lang='lat' dir='ltr'><strong>enim</strong></span> <span class='ocrx_word' id='word_1_220' title='bbox 169 2723 301 2782; x_wconf 89' lang='lat' dir='ltr'><strong>dieamus</strong></span> <span class='ocrx_word' id='word_1_221' title='bbox 325 2722 448 2798; x_wconf 89' lang='lat' dir='ltr'><strong>aliquod</strong></span> <span class='ocrx_word' id='word_1_222' title='bbox 466 2725 630 2797; x_wconf 86' lang='lat' dir='ltr'><strong>proprium,</strong></span> <span class='ocrx_word' id='word_1_223' title='bbox 654 2725 828 2799; x_wconf 80' lang='lat' dir='ltr'><strong>speciosum,</strong></span> <span class='ocrx_word' id='word_1_224' title='bbox 852 2721 987 2794; x_wconf 88' lang='lat' dir='ltr'><strong>sublime,</strong></span> <span class='ocrx_word' id='word_1_225' title='bbox 1010 2721 1095 2779; x_wconf 56' lang='lat' dir='ltr'><strong>nihil&gt;</strong></span> 
     </span>
     <span class='ocr_line' id='line_1_30' title="bbox 62 2810 1085 2888; baseline -0.001 -19"><span class='ocrx_word' id='word_1_226' title='bbox 62 2816 167 2870; x_wconf 89' lang='lat' dir='ltr'><strong>tamen</strong></span> <span class='ocrx_word' id='word_1_227' title='bbox 186 2812 292 2870; x_wconf 87' lang='lat' dir='ltr'><strong>horum</strong></span> <span class='ocrx_word' id='word_1_228' title='bbox 310 2814 370 2870; x_wconf 89' lang='lat' dir='ltr'><strong>nisi</strong></span> <span class='ocrx_word' id='word_1_229' title='bbox 388 2813 421 2871; x_wconf 94' lang='lat' dir='ltr'><strong>in</strong></span> <span class='ocrx_word' id='word_1_230' title='bbox 440 2812 595 2888; x_wconf 82' lang='lat' dir='ltr'><strong>complexu</strong></span> <span class='ocrx_word' id='word_1_231' title='bbox 613 2812 756 2888; x_wconf 91' lang='lat' dir='ltr'><strong>loquendi</strong></span> <span class='ocrx_word' id='word_1_232' title='bbox 775 2813 909 2887; x_wconf 86' lang='lat' dir='ltr'><strong>serieque</strong></span> <span class='ocrx_word' id='word_1_233' title='bbox 924 2810 1085 2888; x_wconf 83' lang='lat' dir='ltr'><strong>contingit:</strong></span> 
     </span>
    </p>

    <p class='ocr_par' dir='ltr' id='par_1_8' title="bbox 22 2892 1137 3243">
     <span class='ocr_line' id='line_1_31' title="bbox 22 2892 1137 2962; baseline -0.003 -1"><span class='ocrx_word' id='word_1_234' title='bbox 22 2923 48 2962; x_wconf 80' lang='lat' dir='ltr'><strong>ao</strong></span> <span class='ocrx_word' id='word_1_235' title='bbox 61 2900 222 2959; x_wconf 86' lang='lat' dir='ltr'><strong>laudamus</strong></span> <span class='ocrx_word' id='word_1_236' title='bbox 250 2902 329 2959; x_wconf 90' lang='lat' dir='ltr'><strong>enim</strong></span> <span class='ocrx_word' id='word_1_237' title='bbox 356 2901 447 2959; x_wconf 88' lang='lat' dir='ltr'><strong>verba</strong></span> <span class='ocrx_word' id='word_1_238' title='bbox 470 2901 558 2960; x_wconf 85' lang='lat' dir='ltr'><strong>rebus</strong></span> <span class='ocrx_word' id='word_1_239' title='bbox 580 2901 655 2959; x_wconf 86' lang='lat' dir='ltr'><strong>bene</strong></span> <span class='ocrx_word' id='word_1_240' title='bbox 680 2901 911 2960; x_wconf 87' lang='lat' dir='ltr'><strong>accommodata.</strong></span> <span class='ocrx_word' id='word_1_241' title='bbox 954 2901 1018 2959; x_wconf 86' lang='lat' dir='ltr'><strong>sola</strong></span> <span class='ocrx_word' id='word_1_242' title='bbox 1042 2903 1087 2961; x_wconf 88' lang='lat' dir='ltr'><strong>est</strong></span> <span class='ocrx_word' id='word_1_243' title='bbox 1118 2892 1137 2948; x_wconf 77' lang='lat'>4</span> 
     </span>
     <span class='ocr_line' id='line_1_32' title="bbox 64 2987 1086 3066; baseline -0.002 -17"><span class='ocrx_word' id='word_1_244' title='bbox 64 3008 142 3066; x_wconf 90' lang='lat' dir='ltr'><strong>quae</strong></span> <span class='ocrx_word' id='word_1_245' title='bbox 161 2990 260 3049; x_wconf 86' lang='lat' dir='ltr'><strong>notari</strong></span> <span class='ocrx_word' id='word_1_246' title='bbox 278 2991 375 3065; x_wconf 87' lang='lat' dir='ltr'><strong>possit</strong></span> <span class='ocrx_word' id='word_1_247' title='bbox 392 2991 477 3049; x_wconf 88' lang='lat' dir='ltr'><strong>velut</strong></span> <span class='ocrx_word' id='word_1_248' title='bbox 495 2990 689 3062; x_wconf 79' lang='lat' dir='ltr'><strong>vocalitas,</strong></span> <span class='ocrx_word' id='word_1_249' title='bbox 713 3008 790 3065; x_wconf 90' lang='lat' dir='ltr'><strong>quae</strong></span> <span class='ocrx_word' id='word_1_250' title='bbox 809 2987 945 3065; x_wconf 83' lang='grc' dir='ltr'><strong><em>εὐφωνία</em></strong></span> <span class='ocrx_word' id='word_1_251' title='bbox 963 2989 1086 3048; x_wconf 88' lang='lat' dir='ltr'><strong>dieitur:</strong></span> 
     </span>
     <span class='ocr_line' id='line_1_33' title="bbox 63 3078 1086 3154; baseline -0.001 -16"><span class='ocrx_word' id='word_1_252' title='bbox 63 3079 149 3138; x_wconf 84' lang='lat' dir='ltr'><strong>cuius</strong></span> <span class='ocrx_word' id='word_1_253' title='bbox 177 3081 209 3137; x_wconf 91' lang='lat' dir='ltr'><strong>in</strong></span> <span class='ocrx_word' id='word_1_254' title='bbox 237 3098 272 3139; x_wconf 90' lang='lat' dir='ltr'><strong>eo</strong></span> <span class='ocrx_word' id='word_1_255' title='bbox 295 3079 421 3139; x_wconf 86' lang='lat' dir='ltr'><strong>dilectus</strong></span> <span class='ocrx_word' id='word_1_256' title='bbox 450 3082 503 3154; x_wconf 79' lang='lat' dir='ltr'><strong>est,</strong></span> <span class='ocrx_word' id='word_1_257' title='bbox 531 3083 566 3137; x_wconf 92' lang='lat' dir='ltr'><strong>ut</strong></span> <span class='ocrx_word' id='word_1_258' title='bbox 592 3081 673 3137; x_wconf 88' lang='lat' dir='ltr'><strong>inter</strong></span> <span class='ocrx_word' id='word_1_259' title='bbox 696 3078 762 3152; x_wconf 87' lang='lat' dir='ltr'><strong>due,</strong></span> <span class='ocrx_word' id='word_1_260' title='bbox 792 3098 867 3154; x_wconf 89' lang='lat' dir='ltr'><strong>quae</strong></span> <span class='ocrx_word' id='word_1_261' title='bbox 891 3079 971 3138; x_wconf 89' lang='lat' dir='ltr'><strong>idem</strong></span> <span class='ocrx_word' id='word_1_262' title='bbox 995 3078 1086 3154; x_wconf 82' lang='lat' dir='ltr'><strong>signi-</strong></span> 
     </span>
     <span class='ocr_line' id='line_1_34' title="bbox 61 3166 1009 3243; baseline -0.001 -17"><span class='ocrx_word' id='word_1_263' title='bbox 61 3168 157 3227; x_wconf 86' lang='lat' dir='ltr'><strong>ficant</strong></span> <span class='ocrx_word' id='word_1_264' title='bbox 180 3187 214 3227; x_wconf 87' lang='lat' dir='ltr'><strong>ao</strong></span> <span class='ocrx_word' id='word_1_265' title='bbox 237 3168 413 3228; x_wconf 89' lang='lat' dir='ltr'><strong>tantundem</strong></span> <span class='ocrx_word' id='word_1_266' title='bbox 437 3170 548 3242; x_wconf 87' lang='lat' dir='ltr'><strong>valent,</strong></span> <span class='ocrx_word' id='word_1_267' title='bbox 573 3167 652 3243; x_wconf 91' lang='lat' dir='ltr'><strong>quod</strong></span> <span class='ocrx_word' id='word_1_268' title='bbox 675 3166 782 3226; x_wconf 88' lang='lat' dir='ltr'><strong>melius</strong></span> <span class='ocrx_word' id='word_1_269' title='bbox 805 3170 890 3227; x_wconf 89' lang='lat' dir='ltr'><strong>sonet</strong></span> <span class='ocrx_word' id='word_1_270' title='bbox 913 3168 1009 3225; x_wconf 90' lang='lat' dir='ltr'><strong>malis.</strong></span> 
     </span>
    </p>
   </div>
   <div class='ocr_carea' id='block_1_4' title="bbox 138 3293 851 3363">
    <p class='ocr_par' dir='ltr' id='par_1_9' title="bbox 138 3293 851 3363">
     <span class='ocr_line' id='line_1_35' title="bbox 138 3293 851 3363; baseline -0.004 -16"><span class='ocrx_word' id='word_1_271' title='bbox 138 3299 152 3347; x_wconf 92' lang='lat'>1</span> <span class='ocrx_word' id='word_1_272' title='bbox 174 3293 256 3363; x_wconf 80' lang='lat' dir='ltr'><strong>Verg.</strong></span> <span class='ocrx_word' id='word_1_273' title='bbox 276 3293 334 3349; x_wconf 84' lang='lat' dir='ltr'><strong>Eel.</strong></span> <span class='ocrx_word' id='word_1_274' title='bbox 355 3301 379 3360; x_wconf 79' lang='lat'><strong>1,</strong></span> <span class='ocrx_word' id='word_1_275' title='bbox 400 3300 431 3347; x_wconf 89' lang='lat'><strong>11</strong></span> <span class='ocrx_word' id='word_1_276' title='bbox 444 3311 497 3362; x_wconf 85' lang='lat' dir='ltr'><strong>sqq</strong></span> <span class='ocrx_word' id='word_1_277' title='bbox 570 3297 605 3346; x_wconf 75' lang='lat'><strong>20</strong></span> <span class='ocrx_word' id='word_1_278' title='bbox 624 3293 683 3345; x_wconf 86' lang='lat' dir='ltr'><strong>Art.</strong></span> <span class='ocrx_word' id='word_1_279' title='bbox 704 3295 780 3360; x_wconf 90' lang='lat' dir='ltr'><strong>poet.</strong></span> <span class='ocrx_word' id='word_1_280' title='bbox 802 3297 851 3344; x_wconf 86' lang='lat'><strong>311</strong></span> 
     </span>
    </p>
   </div>
   <div class='ocr_carea' id='block_1_5' title="bbox 63 3406 1050 3615">
    <p class='ocr_par' dir='ltr' id='par_1_10' title="bbox 63 3406 1050 3615">
     <span class='ocr_line' id='line_1_36' title="bbox 137 3406 1050 3476; baseline -0.002 -14"><span class='ocrx_word' id='word_1_281' title='bbox 137 3413 154 3462; x_wconf 88' lang='lat'><em>8</em></span> <span class='ocrx_word' id='word_1_282' title='bbox 173 3409 295 3476; x_wconf 86' lang='lat' dir='ltr'><strong>quaein</strong></span> <span class='ocrx_word' id='word_1_283' title='bbox 314 3409 376 3463; x_wconf 84' lang='lat' dir='ltr'><strong>adv.</strong></span> <span class='ocrx_word' id='word_1_284' title='bbox 396 3411 545 3463; x_wconf 87' lang='lat' dir='ltr'><strong>transeunt</strong></span> <span class='ocrx_word' id='word_1_285' title='bbox 562 3419 585 3460; x_wconf 81' lang='lat' dir='ltr'><em>A</em></span> <span class='ocrx_word' id='word_1_286' title='bbox 650 3414 665 3460; x_wconf 82' lang='lat'>9</span> <span class='ocrx_word' id='word_1_287' title='bbox 686 3412 715 3462; x_wconf 88' lang='lat' dir='ltr'><strong>et</strong></span> <span class='ocrx_word' id='word_1_288' title='bbox 733 3406 812 3461; x_wconf 86' lang='lat' dir='ltr'><strong>factu</strong></span> <span class='ocrx_word' id='word_1_289' title='bbox 827 3418 853 3461; x_wconf 82' lang='lat' dir='ltr'>P</span> <span class='ocrx_word' id='word_1_290' title='bbox 878 3407 1013 3475; x_wconf 83' lang='lat' dir='ltr'><strong>factuque</strong></span> <span class='ocrx_word' id='word_1_291' title='bbox 1027 3419 1050 3460; x_wconf 81' lang='lat' dir='ltr'><em>A</em></span> 
     </span>
     <span class='ocr_line' id='line_1_37' title="bbox 63 3479 1020 3548; baseline -0.002 -14"><span class='ocrx_word' id='word_1_292' title='bbox 63 3485 98 3535; x_wconf 80' lang='lat'><strong>12</strong></span> <span class='ocrx_word' id='word_1_293' title='bbox 119 3497 185 3534; x_wconf 88' lang='lat' dir='ltr'><strong>eum</strong></span> <span class='ocrx_word' id='word_1_294' title='bbox 203 3481 293 3534; x_wconf 82' lang='lat' dir='ltr'><strong>omnia</strong></span> <span class='ocrx_word' id='word_1_295' title='bbox 312 3481 403 3534; x_wconf 89' lang='lat' dir='ltr'><strong>oratio</strong></span> <span class='ocrx_word' id='word_1_296' title='bbox 421 3479 459 3532; x_wconf 65' lang='lat'><strong>11²</strong></span> <span class='ocrx_word' id='word_1_297' title='bbox 532 3485 565 3533; x_wconf 78' lang='lat'><strong>25</strong></span> <span class='ocrx_word' id='word_1_298' title='bbox 585 3479 690 3534; x_wconf 87' lang='lat' dir='ltr'><strong>tralata</strong></span> <span class='ocrx_word' id='word_1_299' title='bbox 708 3489 737 3532; x_wconf 79' lang='lat' dir='ltr'><em>B</em></span> <span class='ocrx_word' id='word_1_300' title='bbox 758 3485 783 3534; x_wconf 77' lang='lat' dir='ltr'><strong>ct</strong></span> <span class='ocrx_word' id='word_1_301' title='bbox 800 3481 840 3535; x_wconf 80' lang='lat' dir='ltr'><strong>eie</strong></span> <span class='ocrx_word' id='word_1_302' title='bbox 858 3480 1020 3548; x_wconf 78' lang='lat' dir='ltr'><strong>plerumque</strong></span> 
     </span>
     <span class='ocr_line' id='line_1_38' title="bbox 63 3550 615 3615; baseline 0.009 -10"><span class='ocrx_word' id='word_1_303' title='bbox 63 3557 98 3605; x_wconf 69' lang='lat'><strong>28</strong></span> <span class='ocrx_word' id='word_1_304' title='bbox 116 3550 227 3615; x_wconf 82' lang='lat' dir='ltr'><strong>aliquid</strong></span> <span class='ocrx_word' id='word_1_305' title='bbox 241 3561 274 3603; x_wconf 70' lang='grc' dir='ltr'><em>Ρ</em></span> <span class='ocrx_word' id='word_1_306' title='bbox 359 3557 395 3606; x_wconf 76' lang='lat'><strong>32</strong></span> <span class='ocrx_word' id='word_1_307' title='bbox 414 3551 542 3609; x_wconf 80' lang='lat' dir='ltr'><strong>delectus</strong></span> <span class='ocrx_word' id='word_1_308' title='bbox 563 3563 615 3610; x_wconf 74' lang='lat' dir='ltr'><strong>A?</strong></span> 
     </span>
    </p>
   </div>
   <div class='ocr_carea' id='block_1_6' title="bbox 0 0 1234 3854">
    <p class='ocr_par' dir='ltr' id='par_1_11' title="bbox 0 0 1234 3854">
     <span class='ocr_line' id='line_1_39' title="bbox 0 0 1234 3854; baseline 0 1"><span class='ocrx_word' id='word_1_309' title='bbox 0 0 1234 3854; x_wconf 95' lang='lat' dir='ltr'><strong> </strong></span> 
     </span>
    </p>
   </div>
  </div>
 </body>
</html>
