2460 3854
484 132 518 186 v.
539 137 581 201 14,
601 138 714 187 1s—as.
1041 131 1110 197 303

89 304 224 378 sumptio
240 304 295 360 aut
309 301 467 376 conclusio,
481 321 706 377 nonnumquam
721 301 828 360 omnia.
840 296 906 381 [sed
921 303 1022 360 omnia
1035 302 1109 361 haec

89 394 151 451 tn'a
170 384 265 469 sunt]
288 391 418 450 intentio
437 393 638 468 expugnatur:
663 386 738 449 ‘iure
757 391 852 450 occidi
871 411 948 466 eum,
967 392 1018 466 qui
1036 392 1108 450 insi-

91 481 192 540 diatus
212 474 279 554 sit’,
299 499 368 539 nam
381 481 480 555 prima
499 483 602 539 statim
622 481 757 555 quaestio
776 499 831 555 pro
848 478 961 539 Milone
980 484 1038 539 est:
1058 475 1109 540 ‘an

91 573 118 629 ei
142 571 189 629 fas
217 571 258 628 sit
285 569 384 628 lucem
406 571 525 643 intueri,
550 571 601 644 qui
620 588 639 627 a
658 588 688 628 se
710 569 861 628 hominem
884 572 1023 628 necatum
1047 587 1108 629 esse
1123 569 1162 624 21

65 653 245 719 sfateatur'.
265 661 452 734 expugnatur
471 657 640 733 adsumptio
660 659 795 718 omnibus
814 659 861 733 iis,
881 677 957 734 quae
976 659 1012 717 de
1030 660 1108 718 refu-

91 751 207 808 tatione
227 746 363 806 diximus.
384 750 414 807 et
426 749 505 805 ratio
525 746 644 822 quidem
658 767 821 824 numquam
840 750 886 807 est
903 766 983 822 vera,
1001 749 1061 806 nisi
1079 751 1110 807 et

91 837 258 914 propositio
272 854 344 895 vera
359 837 411 909 sit3
425 837 546 894 interim
556 855 643 895 verae
656 838 871 912 propositionis
881 837 959 896 falsa
967 839 1045 895 ratio
1056 841 1109 911 est,

93 930 128 985 ut
148 922 258 986 ‘virtus
276 925 385 983 bonum
406 920 461 984 est'
481 944 585 984 verum
605 927 662 983 est:
681 927 707 984 si
726 928 793 1001 quis
812 927 959 984 rationem
974 927 1109 999 subiciat,

95 1010 187 1091 ‘quod
221 1033 257 1072 ea
284 1015 447 1089 locupletes
480 1010 598 1086 laciat',
630 1033 718 1073 verae
750 1016 925 1075 intentionis
961 1015 1038 1074 falsa
1070 1017 1111 1073 sit

60 1105 178 1165 oratio.
203 1106 325 1164 conexio
350 1106 449 1162 autem
473 1107 526 1162 aut
551 1121 619 1163 vera
642 1106 777 1180 negatur,
801 1123 868 1162 cum
892 1104 976 1162 aliud
995 1105 1111 1180 colligit
1125 1113 1166 1168 22

96 1213 183 1268 quam
194 1194 237 1267 id,
252 1192 330 1267 quod
345 1212 379 1251 ex
388 1193 538 1267 prioribus
549 1192 685 1266 efficitur,
700 1196 753 1251 aut
766 1192 842 1250 nihil
853 1193 891 1250 ad
906 1195 1110 1268 quaestionem

97 1283 204 1342 dicitur
227 1284 385 1357 portinere.
408 1300 467 1340 non
492 1285 536 1340 est
559 1300 630 1340 vera
653 1283 731 1342 sicut
748 1281 834 1341 haec:
859 1277 1029 1340 ‘insidiator
1046 1284 1111 1340 iure

98 1373 254 1446 occiditur,
286 1389 357 1428 nam
380 1388 447 1429 cnm
471 1373 551 1430 vitae
581 1372 642 1429 vim
676 1372 792 1430 adferat
824 1374 860 1428 111
891 1372 994 1445 hostis,
1024 1371 1111 1428 debet

98 1464 185 1520 etiam
217 1460 322 1536 repelli
354 1462 389 1518 ut
420 1461 527 1519 hostis:
559 1463 638 1519 reote
671 1463 765 1538 igitur
798 1459 918 1519 Clodius
950 1463 985 1517 ut
1017 1460 1111 1518 hostis

69 1567 88 1606 1s
99 1551 208 1610 occisus
233 1544 305 1622 est’,
333 1569 393 1607 non
423 1551 536 1625 utique,
564 1550 694 1607 nondum
719 1550 798 1608 enim
822 1549 958 1608 Clodium
988 1549 1110 1608 insidia-

98 1641 190 1699 torem
215 1637 407 1698 ostendimus.
431 1639 481 1697 sed
505 1638 539 1696 fit
562 1658 633 1697 vera
656 1641 791 1697 conexio:
815 1634 906 1698 ‘recte
924 1639 1018 1716 igitur
1040 1641 1111 1696 insi-

100 1728 195 1788 diator
218 1730 254 1785 ut
276 1729 370 1787 hostis
401 1722 570 1802 occiditur’3
602 1729 678 1786 nihil
711 1729 749 1786 ad
778 1748 841 1801 nos,
871 1729 1001 1786 nondum
1033 1729 1112 1786 enim

100 1816 219 1876 Clodius
242 1816 401 1875 insidiator
420 1818 554 1892 apparet.
579 1817 630 1875 sed
647 1819 683 1875 ut
701 1820 800 1893 potest
818 1836 888 1876 vera
907 1836 969 1877 esse
982 1819 1111 1875 intentio
1126 1825 1167 1880 23

101 1907 228 1965 stratio
253 1909 283 1964 et
309 1908 411 1964 tamen
439 1906 516 1964 falsa
541 1908 676 1980 conexio,
704 1909 762 1980 ita,
794 1907 819 1964 si
842 1907 896 1964 illa
926 1906 1004 1965 falsa
1034 1908 1111 1980 sunt,

72 2009 261 2071 anumquam
285 1996 330 2054 est
353 2013 424 2053 vera
447 1996 576 2054 conexio.
1170 2045 1172 2050 Α

163 2085 365 2158 Enthymema
399 2084 435 2143 ab
469 2085 536 2143 aliis
569 2085 717 2143 oratorius
750 2085 949 2159 syllogismus,
983 2085 1019 2143 ab
1044 2084 1111 2143 aliis
1127 2092 1168 2148 24

100 2193 166 2249 pars
191 2174 301 2232 dicitur
324 2174 499 2250 syllogismi,
523 2177 682 2249 propterea
701 2173 780 2249 quod
799 2174 988 2250 syllogismus
1007 2173 1112 2249 utique

100 2263 317 2322 conclusionem
341 2266 370 2321 et
393 2264 627 2338 propositionem
651 2263 741 2321 habet
764 2265 793 2320 et
815 2281 869 2338 per
892 2281 992 2321 omnes
1011 2265 1111 2338 partes

101 2351 191 2411 efficit
215 2351 294 2426 quod
321 2354 492 2427 proposuit,
520 2353 709 2427 enthymema
736 2354 853 2410 tantum
882 2352 1018 2428 intellegi
1045 2369 1112 2410 oon·

69 2443 216 2500 utentum
239 2442 287 2498 sit.
312 2442 503 2517 syllogismus
525 2443 612 2500 talis:
637 2438 879 2501 ‘solumbonum
906 2443 1015 2513 virtus,
1043 2459 1111 2498 nam
1127 2448 1170 2504 25

100 2529 129 2587 id
153 2531 273 2588 demum
290 2529 400 2588 bonum
426 2533 478 2607 est,
503 2550 562 2606 quo
585 2550 671 2590 nemo
695 2532 773 2588 male
796 2532 843 2588 uti
865 2534 976 2605 potest:
1000 2531 1112 2588 virtute

101 2639 187 2678 nemo
206 2620 349 2677 malenti
368 2622 475 2695 potest,
498 2622 609 2678 bonum
629 2623 674 2678 est
693 2639 763 2696 ergo
782 2614 898 2678 virtus’.
923 2619 1112 2694 enthymema

100 2727 133 2768 ex
157 2709 417 2782 consequentibus:
443 2704 563 2767 ‘bonum
588 2713 632 2768 est
655 2710 759 2783 virtus,
784 2728 843 2784 qua
860 2727 947 2767 nemo
965 2709 1044 2766 male
1067 2709 1113 2766 uti

99 2791 219 2874 potest'.
250 2801 280 2855 et
303 2799 419 2856 contra:
453 2793 524 2856 ‘non
555 2801 600 2857 est
628 2799 739 2856 honum
771 2799 910 2873 pecunia,
944 2817 1004 2856 non
1034 2798 1116 2856 enim

173 3027 186 3073 1
207 3021 302 3074 omnia
321 3020 370 3073 sed
390 3021 484 3074 omnia
507 3021 578 3075 haec
596 3022 651 3075 tria
676 3025 740 3074 sunt
759 3022 839 3088 libra·
859 3023 992 3092 purgavit
1011 3021 1119 3075 Gesner

171 3092 387 3145 tratiocinatio
405 3094 449 3146 tic
468 3100 493 3147 et
517 3095 596 3159 safra
621 3094 654 3147 Vt
672 3112 694 3162 p
718 3099 769 3146 415
786 3097 790 3162 l
806 3109 959 3160 numquam
984 3095 1031 3148 Vt:
1058 3109 1114 3145 non

99 3179 254 3231 numquam
271 3163 274 3234 l
291 3163 346 3216 nisi
365 3165 393 3217 et
418 3166 467 3218 Vt.-
489 3165 533 3217 nis
558 3181 621 3217 oum
641 3165 700 3217 eius
719 3167 751 3218 ut
772 3175 793 3216 (ι’
813 3184 827 3218 s
848 3182 863 3216 e
884 3183 899 3216 s
918 3166 931 3217 t
949 3173 972 3215 Α
992 3164 1031 3216 eis
1052 3179 1115 3216 cum

100 3235 140 3289 eis
159 3237 193 3288 ut
211 3244 243 3287 M
260 3236 432 3288 cumetPV
500 3236 585 3289 seed
605 3236 710 3305 siquis
733 3238 766 3289 Vt
839 3241 871 3287 1⁶2
892 3234 1048 3288 sicuthaec
1068 3235 1120 3288 Vt:¹

100 3306 140 3360 sio
233 3310 265 3358 13
285 3322 348 3359 cum
366 3306 442 3359 vitae
466 3308 513 3360 Vt:
537 3308 645 3360 amavit
663 3323 698 3360 ne
716 3318 738 3359 Α
758 3307 807 3375 qui
826 3306 934 3361 curavit
955 3310 1041 3359 utne
1063 3312 1123 3357 sM'

99 3377 149 3446 qui
168 3377 277 3430 curavit
290 3380 323 3430 ut
338 3387 387 3430 ΡΥ
457 3383 489 3430 21
510 3379 647 3432 oratorius
663 3388 699 3432 P:
716 3377 872 3432 oratoribus
886 3378 936 3432 rell
1009 3382 1042 3430 26
1060 3377 1114 3431 vir-

99 3452 162 3503 tute
181 3465 263 3502 nemo
282 3448 419 3503 malenti
438 3451 533 3518 potest
553 3459 584 3515 Ρ,
611 3452 643 3504 Vt
664 3469 685 3520 p
704 3455 756 3503 410
775 3452 821 3504 sed
839 3451 864 3504 is
882 3449 986 3502 virtute
1007 3451 1118 3503 autem·-

101 3538 144 3576 om
164 3528 268 3572 som
337 3526 370 3572 27
391 3523 434 3574 est
453 3531 480 3574 P
502 3523 549 3577 Vt:
567 3538 610 3575 om
628 3531 731 3574 ,161111
