2460 3854
486 132 520 185 IL
539 137 681 197 urs-21.
1056 135 1099 199 3⁸1

74 304 246 380 praecepta
282 304 461 374 communia,
494 303 592 377 magis
627 306 728 358 tamen
759 300 893 376 proderit
923 305 1007 378 scire,
1039 323 1101 380 qua

77 392 195 450 ducum
228 391 356 466 quisque
386 390 504 449 ratione
539 392 570 447 in
604 391 688 464 quali
716 409 762 463 re,
788 396 932 467 tempora,
966 393 1032 452 loco
1060 395 1101 452 sit

78 479 237 557 sapienter
258 498 330 538 usus
354 482 407 538 aut
434 482 552 538 contra:
586 498 658 537 nam
684 481 717 536 in
744 479 883 540 omnibus
914 481 976 541 fere
1002 485 1100 542 minus

78 571 188 628 valent
210 571 372 644 praecepta
399 587 488 644 quam
517 567 728 644 experimenta.
756 587 795 627 an
822 588 893 628 uero
920 570 1101 630 declamabit
1115 578 1153 634 le

50 658 208 736 squidem
231 661 416 733 praeceptor,
438 660 473 714 ut
495 657 536 716 sit
558 657 693 733 exemplo
721 660 784 717 suis
811 658 1012 719 auditoribus:
1039 678 1100 718 non

80 748 150 825 plus
176 747 359 806 contulerint
380 746 451 805 lecti
471 745 573 804 Cicero
597 748 652 804 aut
673 745 908 806 Demosthenes?
936 749 1101 827 corrigetur

79 838 195 914 palam,
224 835 249 895 si
273 835 346 911 quid
372 836 405 892 in
431 835 625 894 declamando
656 835 820 910 discipulus
852 839 1010 896 erraverit:
1039 857 1099 897 non

80 927 238 1003 potentins
261 925 319 983 erit
341 924 497 983 emendare
520 926 694 999 orationem,
721 925 795 999 quin
816 926 909 984 immo
937 928 1027 985 etiem
1055 929 1100 986 iu-

81 1011 233 1073 cundius?
256 1014 355 1072 aliena
378 1015 457 1072 enim
480 1015 556 1072 vitia
574 1015 699 1089 quisque
723 1015 862 1089 reprendi
874 1015 991 1075 mavult
1010 1035 1099 1091 quam

47 1127 68 1167 io
81 1123 144 1163 sua.
170 1122 226 1162 nec
248 1102 371 1162 deerant
393 1103 481 1177 plura
504 1122 581 1178 quae
603 1102 745 1161 dicerem:
774 1103 826 1162 sed
852 1105 1000 1164 neminem
1028 1104 1101 1164 baso
1116 1111 1151 1167 li

80 1193 203 1251 utilitas
227 1191 314 1268 fugit,
342 1194 433 1267 atque
456 1194 573 1250 utinam
594 1195 658 1250 tam
681 1211 740 1250 non
763 1194 867 1269 pigeat
894 1193 992 1253 facere
1019 1193 1100 1253 istud

81 1301 177 1359 quam
199 1300 260 1339 non
281 1280 459 1357 displicebit.

402 1431 477 1505 [QUI
494 1431 599 1485 PRIMI
616 1431 796 1504 nessani]

152 1547 239 1617 Quod
263 1549 289 1608 si
310 1550 444 1624 potuerit
466 1550 604 1623 optineri,
635 1568 695 1608 non
721 1550 766 1608 ita
794 1549 925 1609 difficilis
954 1552 1100 1626 supererit
1115 1555 1153 1614 18

48 1662 68 1702 rs
82 1639 233 1716 quaestio,
257 1639 308 1712 qui
331 1637 451 1714 legendi
472 1638 533 1697 sint
555 1638 774 1712 incipientibus.
799 1658 867 1697 uam
891 1639 1011 1715 quidam
1031 1640 1100 1699 illos

82 1729 225 1799 minores,
248 1728 319 1803 quia
342 1727 459 1785 facilior
481 1745 581 1786 eorum
603 1727 772 1788 intellectus
800 1728 966 1804 videbatur,
993 1729 1098 1805 proba·

82 1819 205 1890 verunt,
228 1816 282 1874 alii
303 1816 437 1875 floridius
460 1835 563 1893 genus,
585 1821 619 1874 ut
642 1817 681 1874 ad
704 1817 810 1877 alenda
836 1818 999 1893 primarum
1020 1821 1099 1877 aeta-

82 1907 161 1967 tium
185 1906 306 1983 ingenia
328 1907 424 1982 magis
447 1906 711 1964 accommodatum.
745 1926 799 1984 ego
823 1907 951 1984 optimos
980 1907 1100 1984 quidem
1116 1917 1153 1974 10

84 1999 116 2054 et
144 1995 249 2054 statim
281 1997 310 2052 et
342 2012 466 2069 semper,
503 1994 554 2054 sed
583 1997 685 2054 tamen
717 2015 818 2055 eorum
857 1997 1099 2056 candidissimum

48 2105 71 2146 ro
85 2103 235 2161 quemque
259 2085 289 2142 et
310 2084 438 2142 maxime
462 2084 628 2160 expositum
647 2086 746 2160 velim,
770 2088 805 2143 ut
823 2085 943 2144 Livium
963 2106 980 2144 a
1000 2087 1099 2163 pueris

84 2175 184 2252 magis
199 2191 288 2248 quam
303 2171 486 2247 Sallustium,
505 2175 562 2232 etsi
580 2174 628 2233 bio
646 2176 789 2233 historiae
808 2175 904 2234 maior
923 2178 968 2235 111
987 2177 1099 2249 auctor,

86 2264 124 2322 ad
159 2280 249 2339 quem
280 2265 381 2321 tamen
408 2262 640 2340 intellegendum
673 2266 732 2323 iam
765 2265 902 2340 profectu
939 2283 1013 2341 opus
1050 2267 1098 2324 sit.

87 2351 201 2425 (licere,
222 2353 257 2409 ut
278 2351 352 2410 mihi
375 2351 494 2426 quidem
516 2353 643 2428 videtur,
667 2357 697 2412 et
719 2354 864 2414 iucundus
888 2354 1099 2430 incipientibus
1114 2363 1154 2420 10

87 2459 208 2518 quoque
237 2442 268 2499 et
295 2444 415 2517 apertus
443 2444 488 2501 est
519 2444 602 2517 satis,
632 2462 685 2502 uec
716 2444 856 2520 prodesse
888 2447 1015 2517 tanturn,
1048 2444 1098 2503 sed

50 2533 180 2592 1111111111
204 2531 298 2588 amari
319 2531 431 2606 potest:
457 2534 532 2606 tum,
562 2551 650 2607 quem
674 2533 855 2593 admodum
883 2532 987 2593 Livius
1014 2553 1099 2609 prae·

88 2621 172 2697 cipit,
195 2621 229 2678 ut
252 2621 376 2696 quisque
399 2619 456 2679 erit
480 2619 615 2680 Ciceroni
638 2622 815 2682 simillimus.

154 2708 223 2767 Duo
246 2711 345 2767 autem
360 2727 468 2787 genera
481 2713 609 2769 maxime
624 2713 756 2772 cavenda
770 2714 871 2788 pueris
888 2715 976 2788 puto:
996 2732 1098 2786 unum,
1114 2720 1150 2776 11

88 2819 125 2858 ne
148 2798 216 2873 quis
240 2816 288 2856 eos
311 2798 499 2875 antiquitatis
522 2802 632 2860 nimius
656 2801 819 2861 admirator
841 2803 873 2860 in
898 2799 1098 2861 Gracchorum

91 2887 270 2963 Catonisque
297 2890 327 2946 11
354 2888 481 2947 aliorum
509 2891 652 2949 similium
676 2891 801 2950 lectione
830 2892 984 2950 durescere
1012 2890 1098 2966 volit,

57 2977 161 3036 tolient
184 2976 263 3034 enim
285 2975 398 3036 horridi
421 2981 511 3054 atque
542 2980 648 3038 ieiuni:
681 3000 750 3040 nam
783 3000 879 3057 neque
907 2982 966 3039 vim
997 2999 1097 3040 eorum

89 3065 185 3126 adhuc
206 3065 359 3125 intellectu
382 3073 596 3145 consequentur
615 3074 644 3130 et
663 3071 837 3144 elocutione,
861 3073 1015 3146 questum
1035 3070 1098 3131 sine

159 3243 225 3290 2re
243 3252 286 3291 om
302 3245 356 3290 BP
442 3240 626 3311 tcorrigitur
645 3252 666 3294 Α
766 3248 798 3295 1⁶2
818 3257 901 3311 equam
922 3257 976 3294 uon
998 3239 1098 3293 secisse

89 3307 251 3378 displicebit
270 3307 371 3363 Gesner
450 3317 483 3366 16
501 3330 596 3366 eorum
615 3312 775 3368 intellectus
799 3313 947 3367 videbatur
966 3320 1029 3365 BP:
1055 3312 1098 3364 cst

89 3397 184 3435 eorum
203 3377 400 3435 intellectuose
504 3389 537 3437 17
556 3389 680 3440 actatum
701 3395 751 3437 ΑΡ
857 3392 887 3438 ‘21
911 3383 962 3438 etsi
984 3383 1098 3451 ermpt:

89 3459 114 3506 et
139 3453 213 3516 libri,
240 3453 329 3519 poesis
353 3456 383 3507 at
405 3453 410 3524 Ι
431 3454 478 3509 bic
503 3473 545 3511 om
571 3467 604 3522 B,
629 3457 721 3511 ethic
746 3459 776 3511 iu
802 3456 854 3511 etri
876 3456 999 3510 mollibat
1017 3455 1097 3524 spat-

88 3525 157 3596 diuq
173 3523 308 3592 {maioris
326 3533 358 3590 P,
376 3528 449 3581 rmde
464 3529 556 3584 maior
573 3530 597 3585 is
618 3531 709 3588 Barth
