2460 3854
496 111 541 164 VI.
563 117 587 178 3,
608 117 721 166 11-26,
1052 111 1117 174 333

99 279 243 339 dicacitas
275 280 338 339 sine
369 279 459 338 dubio
490 299 508 338 5
539 278 678 354 dicendo,
712 279 793 355 quod
825 283 870 340 est
902 281 983 338 omni
1015 281 1117 356 generi

101 387 265 442 commune,
295 368 385 426 ducta
415 371 469 441 est,
502 371 622 448 proprie
644 372 746 428 tumen
774 369 923 447 significet
951 389 1116 429 sermonem

100 476 167 517 cum
189 459 254 516 risu
277 458 394 532 aliquos
416 459 620 517 incessentem.
644 458 711 518 ideo
730 458 950 518 Demosthenen
970 458 1114 517 urbanum

100 548 191 606 fuisse
215 547 326 620 dicunt,
350 547 480 606 dicacem
503 550 623 624 negant.

80 657 90 696 5
165 635 325 711 Proprium
348 639 447 695 autern
472 638 624 710 materiae,
648 637 684 695 de
708 655 767 712 qua
790 655 870 694 nunc
888 637 1048 712 loquimur,
1072 638 1118 695 est
1132 641 1170 695 22

100 725 273 798 ridiculum,
305 724 430 800 ideoque
458 725 531 784 11555
559 728 625 784 totu
657 725 824 800 disputatio
853 744 871 783 5
902 724 1022 785 Graecis
1050 722 1117 802 περὶ

101 813 217 892 γελοίου
248 813 430 872 inscribitur.
468 816 531 873 eius
565 817 663 889 prima
695 814 802 874 divisio
834 815 966 874 truditur
1004 815 1116 886 eadem,

102 922 178 978 quae
198 905 245 960 est
264 902 359 962 omnis
374 904 527 977 orationis,
550 906 584 962 ut
599 906 639 962 sit
652 904 784 978 positum
802 905 835 961 in
847 903 936 962 rebus
956 922 991 962 cc
1008 905 1116 963 verbis

101 1010 171 1051 usus
196 995 298 1050 cutem
320 994 448 1050 monime
471 993 594 1067 triplex:
623 996 676 1052 aut
698 995 778 1052 enim
801 1012 836 1051 ex
859 994 928 1052 51115
950 994 1043 1051 risum
1066 1012 1117 1068 pe·
1131 995 1170 1050 23

69 1100 90 1139 rc
102 1083 191 1141 timus
216 1084 269 1139 aut
292 1100 327 1138 ex
350 1080 434 1140 nobis
458 1084 511 1140 cut
539 1100 574 1140 ex
601 1081 687 1141 rebus
716 1082 829 1141 mediis.
860 1082 959 1140 aliena
989 1085 1043 1140 eut
1071 1099 1117 1138 re-

101 1169 273 1244 prendimus
298 1173 350 1228 aut
372 1171 539 1229 refutamus
563 1174 616 1229 aut
643 1171 793 1229 elevamus
822 1173 876 1229 cut
902 1173 1116 1246 repercutimus

101 1261 152 1318 aut
184 1258 340 1317 eludimus.
372 1262 476 1318 nostre
512 1260 637 1318 ridicule
675 1260 841 1319 indicemus
878 1262 916 1334 et
954 1260 989 1317 ut
1025 1259 1116 1318 verbo

102 1345 251 1407 Ciceronis
276 1349 353 1421 utor,
377 1348 503 1407 dicimus
519 1349 621 1423 aliquo
640 1349 833 1407 subabsurda.
857 1368 985 1424 namque
1005 1348 1116 1422 eudem,

102 1455 186 1512 quae,
206 1438 233 1494 si
246 1436 485 1512 imprudentibus
505 1437 651 1510 excidant,
675 1439 770 1496 stulte
789 1440 867 1512 sunt,
886 1439 912 1497 si
931 1438 1116 1511 simulemus,

66 1545 87 1586 rs
100 1528 226 1585 venusta
249 1524 416 1584 creduntur.
449 1528 572 1585 tertium
600 1530 646 1585 est
673 1546 774 1604 genus,
803 1531 838 1585 ut
863 1527 942 1586 idem
973 1527 1055 1600 dicit,
1085 1525 1117 1583 in
1131 1527 1173 1584 24

101 1613 283 1690 decipiendis
307 1617 572 1690 expectationibus,
601 1615 689 1675 dictis
717 1617 806 1675 aliter
834 1615 1012 1692 accipiendis
1040 1617 1116 1674 cete-

100 1705 211 1778 risque,
239 1722 316 1779 quoe
338 1707 475 1762 neutrum
498 1723 655 1780 personam
679 1707 857 1782 contingunt
879 1705 1005 1780 ideoque
1028 1723 1046 1762 5
1069 1724 1117 1763 me

100 1793 199 1851 media
222 1793 371 1852 dicuntur.
404 1795 477 1851 item
499 1793 627 1852 ridicule
655 1797 708 1852 eut
739 1795 864 1853 fecimus
897 1796 951 1852 eut
980 1793 1115 1852 dicimus.
1132 1795 1170 1850 25

99 1882 180 1940 facto
221 1882 302 1941 risus
342 1883 519 1941 concilietur
558 1884 678 1942 interim
721 1883 853 1968 admixtu
890 1884 1048 1959 gravitate,
1080 1886 1117 1941 ut

63 1991 87 2032 2⁰
100 1971 138 2029 M.
155 1969 274 2029 Caelius
297 1973 426 2046 praetor,
449 1989 515 2029 cum
540 1972 646 2030 sellum
670 1973 732 2031 eius
756 1973 887 2031 curulem
912 1972 1014 2031 consul
1032 1972 1117 2030 Iseu-

99 2062 178 2119 ricus
207 2059 354 2136 fregisset,
384 2060 509 2118 alteram
537 2063 640 2137 posuit
668 2062 741 2120 loris
773 2061 929 2135 intentum,
962 2060 1117 2119 dicebatur

100 2153 201 2208 autem
230 2149 333 2207 consul
357 2168 375 2206 5
403 2152 488 2224 putre
517 2150 619 2228 flagris
653 2149 815 2225 aliquando
848 2168 963 2209 caesus:
995 2150 1117 2208 interim

99 2240 163 2296 sine
186 2241 323 2313 respectu
345 2237 477 2313 pudoris,
505 2242 540 2297 ut
566 2240 598 2297 in
625 2240 680 2297 1115
707 2241 818 2315 puxide
849 2239 999 2312 05511555,
1037 2239 1117 2314 quod

100 2346 196 2404 neque
220 2328 331 2385 oratori
355 2347 451 2402 neque
473 2328 529 2385 ulli
543 2329 607 2388 viro
630 2330 715 2405 gravi
729 2330 894 2387 conveniet.
918 2328 998 2386 idem
1016 2329 1169 2386 55151526

63 2436 87 2476 rs
101 2417 137 2475 de
161 2415 248 2475 vultu
271 2419 417 2492 gestuque
439 2417 565 2476 ridiculo
589 2418 702 2476 dictum
725 2418 776 2476 sit:
800 2419 832 2475 in
856 2417 964 2493 quibus
988 2420 1033 2475 est
1052 2417 1116 2491 qui·

100 2505 167 2563 dem
192 2505 300 2581 gretia,
324 2505 375 2564 sed
398 2508 501 2581 moion,
526 2526 592 2565 cum
616 2510 736 2583 captare
759 2509 853 2566 risum
876 2526 935 2566 non
962 2505 1117 2579 videntur3

98 2594 175 2657 nihil
208 2595 287 2652 enim
319 2597 364 2654 est
395 2594 456 2668 his,
489 2615 564 2671 quae
592 2591 614 2673 †
643 2596 753 2655 dicenti
784 2597 864 2655 55155
896 2595 1044 2669 dicuntur,
1071 2594 1116 2653 in-

173 2822 206 2870 13
230 2817 267 2871 De
287 2820 356 2870 orat.
377 2826 401 2884 2,
423 2822 464 2884 71,
484 2823 535 2872 289
555 2850 589 2858 -
609 2823 643 2871 20
662 2836 689 2887 p.
710 2818 784 2873 0551.
804 2824 846 2885 29,
866 2824 900 2871 69

173 3019 187 3066 6
208 3009 417 3082 περισο15γίσον
440 3023 461 3065 V
565 3019 580 3067 9
599 3014 703 3083 triplex
721 3015 754 3068 ed
775 3015 870 3069 Colore:
890 3014 1010 3084 simplex

100 3092 134 3138 10
154 3087 204 3138 eut
222 3085 264 3140 ult
285 3095 335 3138 Va:
355 3088 449 3138 cutem
468 3086 517 3139 rell
600 3091 632 3138 12
652 3085 770 3139 ridicule
790 3087 906 3156 Regius:
924 3085 1044 3139 ridicule

102 3161 134 3209 13
158 3171 225 3208 nem
248 3156 390 3224 quaedum
412 3173 460 3210 exc
484 3157 598 3212 Cassiod
725 3164 757 3210 16
782 3158 936 3224 ceterisque
960 3173 1032 3222 quae
1056 3166 1114 3211 Pv:

100 3227 257 3295 ceterisque
276 3236 309 3280 Μ
325 3227 425 3280 ceteris
445 3244 517 3294 queo
536 3237 584 3279 Ar}
670 3234 703 3280 22
723 3228 818 3293 flagris
844 3237 932 3282 PVM:
957 3228 1044 3297 frugis
1068 3238 1116 3280 55

172 3303 206 3350 23
226 3299 302 3367 quod
316 3307 374 3353 1²1⁷:
394 3316 449 3366 quo
464 3308 545 3352 AGM
616 3305 648 3352 ‘25
669 3300 745 3353 dcccl
757 3301 855 3368 05515.-
875 3301 924 3353 sed
939 3309 1041 3353 AGVM
1053 3300 1076 3352 51
1091 3309 1118 3353 Ρ

173 3375 207 3422 26
226 3369 319 3440 gretie
338 3379 374 3424 P:
404 3387 513 3424 summe
537 3371 630 3430 gratio
648 3372 698 3423 rell
722 3374 783 3439 (sue.
802 3389 842 3438 gr.
863 3371 1008 3443 Spalding)

100 3445 134 3494 27
143 3443 284 3495 ostilam:
299 3458 333 3495 ex
349 3443 415 3510 Pr}
432 3441 538 3495 dicenti
551 3441 625 3495 falsa
640 3441 772 3495 dicuntur
785 3452 808 3493 A
818 3441 917 3496 dicunt
927 3441 1002 3496 55155
1012 3442 1040 3510 (f.
1054 3445 1116 3508 orvi

100 3512 234 3567 dicuntur
243 3512 303 3578 fere
313 3522 419 3566 Pron!
425 3520 496 3584 preto
507 3514 689 3569 indecentius
698 3514 778 3568 55155
786 3513 960 3567 indicuntur
972 3512 1092 3575 omn„
1099 3515 1136 3554 eu
