2460 3854
394 144 428 200 11.
447 150 472 212 4,
492 150 607 201 ev-aa
625 150 651 214 c,
671 151 748 200 1-a
1041 147 1084 212 85

57 332 78 371 a
105 313 316 389 grammaticis
330 312 459 390 exigitur
476 316 633 390 poetarum
647 315 806 390 enarratio,
828 317 873 374 ita
887 318 951 393 ipse
966 336 1084 393 quoque

57 403 211 461 historiae
234 405 325 478 atque
349 403 439 461 etiam
462 405 560 480 magis
583 406 754 463 orationum
777 405 904 464 lectione
932 409 1084 482 susceptos
1109 454 1112 465 .

61 511 81 550 a
106 509 139 550 se
165 490 328 566 discipulos
350 492 532 552 instruxerit.
566 494 645 570 quod
668 512 722 552 nos
749 495 781 550 in
813 494 925 569 pauciS,
959 515 1084 570 quorum

61 580 94 639 id
120 583 206 639 aetas
231 579 368 658 exigebat
390 583 421 639 et
442 585 582 656 parentes
600 583 675 641 utile
695 601 758 642 esse
773 583 967 659 crediderant,
986 602 1083 643 serva-

29 690 48 729 s
62 671 183 728 vimus:
206 671 335 728 oetemm
359 670 555 731 sentientibus
578 672 640 730 iam
655 667 727 730 ¹tum
751 673 865 747 optima
883 672 958 731 duae
977 691 1023 732 res
1038 674 1083 730 in·
1120 679 1137 733 2

63 758 240 835 pedimento
256 758 384 834 fuerunt,
408 760 487 834 quod
506 762 536 819 et
550 760 641 837 longa
660 760 841 820 consuetudo
857 762 947 820 aliter
959 761 1084 821 docendi

64 848 181 906 fecerat
203 848 309 924 legem,
332 850 363 906 et
385 849 502 907 robusti
528 850 590 908 fere
617 850 739 909 iuvenes
767 868 820 909 nec
848 851 926 908 hunc
953 850 1084 909 laborem

65 936 272 996 desiderantes
296 937 464 1012 exemplum
487 940 626 997 nostrum
648 938 856 1014 sequebantur,
889 957 943 997 nec
974 942 1084 1014 tamen,
1119 945 1138 1000 3

65 1027 161 1084 etiam
184 1027 210 1084 si
233 1025 307 1101 quid
329 1025 400 1085 novi
422 1027 471 1085 vel
485 1045 550 1086 sero
568 1028 755 1099 invenissem,
778 1030 949 1104 praecipere
967 1030 998 1087 in
1017 1047 1084 1104 pos·

10 1116 168 1174 ueterum
190 1115 323 1190 puderet.
347 1133 426 1174 nunc
449 1136 520 1176 vero
543 1117 604 1175 scio
627 1116 659 1174 id
681 1115 745 1175 fieri
768 1116 849 1192 apud
873 1115 1010 1191 Graecos,
1033 1117 1084 1176 sed

63 1204 167 1280 magis
189 1223 244 1279 per
266 1198 428 1280 adiutores,
451 1206 523 1280 quia
538 1224 597 1263 non
612 1205 750 1263 videntur
764 1209 900 1281 tempora
914 1207 1084 1282 suffectura,

65 1293 90 1352 si
114 1292 285 1370 legentibus
308 1293 435 1372 singulis
457 1295 575 1370 praeire
597 1312 713 1368 semper
739 1296 798 1369 ipsi
826 1296 928 1354 velint.
962 1298 992 1353 et
1019 1296 1084 1353 her·
1118 1298 1138 1355 4

64 1383 132 1442 cule
152 1382 324 1460 praelectio,
353 1401 429 1458 quae
461 1385 493 1441 in
525 1383 581 1441 hoc
611 1383 777 1457 adhibetur,
809 1387 844 1442 ut
875 1385 963 1443 facile
994 1387 1083 1460 atque

64 1471 210 1531 distincte
233 1471 319 1547 pueri
343 1473 454 1548 scripta
478 1472 572 1530 oculis
597 1475 768 1547 sequantur,
797 1475 887 1532 etiam
911 1473 978 1548 illa,
1007 1493 1083 1549 quae

10 1580 51 1619 na
65 1562 129 1618 vim
154 1561 298 1636 cuiusque
321 1561 413 1636 verbi,
437 1562 556 1637 siquod
572 1563 671 1620 minus
684 1563 831 1620 usitatum
845 1562 966 1636 incidat,
990 1562 1083 1638 docet,

64 1649 197 1708 multum
219 1651 300 1708 infra
322 1649 449 1709 rhetoris
473 1649 605 1709 officium
625 1650 822 1710 existimanda
841 1654 894 1710 est.
919 1655 952 1711 at
965 1653 1083 1711 demon·
1118 1663 1137 1719 5

65 1740 163 1798 strare
187 1740 314 1798 virtutes
337 1739 394 1814 vel,
423 1739 591 1816 siquando
621 1740 665 1797 ita
694 1734 816 1813 incidat,
844 1741 929 1816 vitia,
957 1742 988 1799 id
1015 1761 1083 1817 pro-

64 1827 206 1886 fessionis
221 1829 284 1887 eius
298 1831 389 1904 atque
402 1830 551 1904 promissi,
574 1848 633 1904 quo
653 1847 683 1887 se
697 1830 876 1906 magistrum
895 1831 1083 1905 eloquentiae
1123 1846 1124 1850 ’

64 1917 236 1993 pollicetur,
258 1917 386 1975 maxime
409 1919 562 1993 proprium
579 1920 632 1993 est,
656 1919 825 1994 ecquidem
839 1919 979 1994 validius,
1003 1919 1084 1994 quod

12 2024 51 2066 :c
64 2025 126 2064 non
150 2005 256 2082 utique
279 2006 357 2065 hunc
379 2006 513 2066 laborem
536 2007 705 2066 docentium
728 2009 862 2083 postulo,
890 2015 924 2066 ut
953 2008 991 2066 ad
1019 2027 1083 2084 gre·

64 2095 161 2153 mium
184 2095 331 2154 revocatis
360 2097 444 2155 cuius
473 2096 598 2173 quisque
626 2115 729 2155 eorum
756 2097 831 2155 velit
858 2096 929 2155 libri
955 2096 1083 2156 lectione

64 2184 245 2244 deserviant.
269 2202 339 2242 nam
352 2184 428 2244 mihi
442 2204 509 2244 cum
524 2185 652 2260 facilius,
665 2189 731 2244 tum
750 2187 840 2244 etiam
854 2186 950 2244 multo
965 2186 1084 2245 videtur
1117 2196 1136 2252 6

64 2274 163 2350 magis
186 2273 270 2349 utile,
293 2275 374 2334 facto
398 2274 517 2333 silentio
540 2295 633 2332 unum
656 2275 786 2349 aliquem
806 2265 900 2355 (quod
915 2275 1011 2350 ipsum
1028 2278 1082 2333 im-

64 2362 165 2439 perari
194 2381 248 2438 per
276 2362 355 2422 vices
384 2365 530 2439 optimum
564 2355 623 2443 est)
656 2363 835 2422 constituere
867 2364 1017 2438 lectorem,
1049 2368 1083 2422 ut

16 2468 52 2512 sc
65 2451 205 2527 protinus
228 2453 468 2528 pronuntiationi
491 2470 608 2528 quoque
632 2452 823 2511 adsuescant:
854 2456 920 2511 tum
948 2454 1083 2529 exposita
1121 2448 1135 2502 7

66 2559 166 2614 causa,
189 2542 222 2598 in
245 2560 333 2616 quam
365 2543 477 2617 scripta
507 2542 625 2619 legetur
656 2543 752 2601 oratio
781 2533 866 2622 (nam
899 2544 941 2602 sic
973 2544 1082 2602 clarius

66 2649 142 2705 quac
167 2622 304 2689 dicentur
326 2631 462 2709 intellegi
476 2623 641 2712 poterunt),
664 2631 740 2688 nihil
755 2632 883 2690 otiosum
901 2634 975 2706 pati,
991 2633 1083 2707 quod-

67 2738 124 2795 que
148 2719 181 2777 in
204 2720 377 2778 inventione
402 2720 539 2796 quodque
562 2720 593 2778 in
618 2719 783 2779 elocutione
799 2720 1002 2779 adnotandum
1017 2721 1081 2797 erit,

67 2826 142 2884 quae
166 2809 200 2867 in
222 2810 375 2884 prooemio
399 2809 580 2869 conciliandi
601 2808 709 2867 iudicis
732 2809 820 2883 ratio,
845 2829 920 2884 quae
939 2809 1082 2869 narrandi

22 2896 125 2970 aolux,
153 2896 299 2972 brevitas,
333 2897 415 2973 fides,
443 2899 523 2973 quod
555 2897 717 2972 aliquando
746 2898 903 2957 consilium
931 2901 962 2957 et
990 2918 1082 2974 quam

10 2998 17 3011 ’
66 2987 184 3046 occulta
208 2986 371 3047 calliditas:
404 3006 532 3062 namque
561 3006 595 3046 ea
618 2987 682 3046 sola
711 2988 741 3045 in
775 2989 830 3046 hoc
854 3006 902 3046 ars
926 2990 979 3063 est,
1004 3007 1081 3064 quae
1117 2998 1135 3053 8

66 3075 202 3154 intellegi
225 3077 284 3135 nisi
312 3076 348 3134 ab
377 3076 490 3135 artifice
517 3096 577 3135 non
604 3078 713 3152 possit3
742 3079 856 3151 quanta
884 3076 1022 3153 deinceps
1049 3079 1082 3134 in

66 3163 225 3225 dividendo
248 3165 416 3241 prudentia,
439 3185 529 3242 quam
553 3166 671 3225 subtilis
690 3169 720 3224 et
734 3166 836 3225 crebra
851 3168 1081 3241 argumentatio,

66 3256 174 3331 quibus
198 3253 312 3314 viribus
330 3255 464 3330 inspiret,
488 3274 547 3330 qua
561 3255 746 3314 iucunditate
760 3255 952 3330 permulceat,
968 3258 1081 3330 quanta

28 3344 93 3403 *δίη
117 3342 288 3403 maledictis
312 3345 466 3420 asperitas,
489 3345 520 3402 in
544 3345 617 3403 iocis
640 3344 804 3419 urbanitas,
827 3346 862 3402 ut
879 3343 1006 3420 denique
1030 3344 1080 3402 do-

135 3485 152 3532 8
172 3479 331 3533 nostrorum
350 3479 450 3533 Usener
522 3483 555 3530 21
575 3476 710 3546 cuiusque
725 3494 822 3531 eorum
838 3477 941 3532 liberis
956 3487 979 3528 Α
991 3477 1086 3529 cuius-

60 3568 116 3621 que
137 3566 232 3605 eorum
255 3549 321 3603 velit
336 3549 404 3602 libri
422 3557 459 3603 Ν
508 3554 542 3604 30
563 3547 721 3620 aliquando
737 3555 763 3608 ct
781 3553 814 3608 et
831 3569 879 3609 ora
892 3551 935 3607 Vt
947 3566 969 3619 ‘p
983 3552 1054 3612 abb,
1066 3550 1109 3596 ‘eb
