2460 3854
467 150 512 203 vr.
533 156 557 218 s,
578 156 672 204 a-11.
1010 153 1074 217 357

57 339 145 378 eures
170 322 200 378 et
222 322 330 378 natura
354 319 540 394 sequebatur,
563 322 598 378 ut
620 320 746 378 meliora
768 320 923 396 probantis
940 323 1076 398 peiorum

57 409 233 484 paeniteret.
259 407 408 468 Ciceronis
433 409 552 483 quidem
575 409 624 467 vel
647 428 707 467 una
730 428 784 484 pro
810 407 947 470 Cluentio
971 429 1073 486 quam·
1093 413 1111 468 9

58 499 134 556 libet
157 499 260 556 multis
290 498 430 571 exemplis
461 497 589 556 sufficiet
621 499 726 558 oratio·
763 518 834 557 nam
866 500 945 575 quod
977 502 1010 558 in
1042 520 1076 559 eo

59 587 218 646 consilium
250 589 378 644 maxime
416 584 526 645 mirer?
557 589 724 662 primamne
757 589 983 663 expositionem,
1017 609 1077 665 qua

32 679 160 748 emetri,
193 677 276 735 ouius
304 675 399 734 filium
426 675 582 752 premebat
609 678 787 751 auotoritas,
819 677 945 737 abstulit
967 675 1078 737 fidem?

59 784 107 838 an,
132 764 212 841 quod
226 764 329 824 iudicii
352 766 485 840 corrupti
508 766 620 823 crimen
642 766 804 824 transferre
822 768 854 823 in
874 766 1076 826 adversarium
1197 845 1199 848 y

59 855 169 913 maluit
193 873 283 928 quam
306 873 415 932 negare
443 856 566 930 propter
593 855 801 929 inveteratam,
833 859 868 914 ut
896 858 961 932 ipse
993 856 1075 928 dicit,

58 941 237 1002 infamiam?
261 962 309 1017 an,
333 943 412 1019 quod
434 943 466 1001 in
489 962 521 1002 re
544 943 693 1004 invidiosa
715 945 790 1021 legis
815 945 926 1003 auxilio
949 948 1076 1005 novissi·

13 1083 15 1088 .
57 1053 105 1091 me
135 1037 180 1091 est
207 1030 302 1091 usus?
338 1052 397 1108 quo
425 1051 531 1110 genere
564 1032 743 1092 defensionis
776 1036 868 1092 etiam
904 1034 1076 1093 offendisset

19 1142 44 1182 1o
58 1122 192 1180 nondum
214 1122 420 1197 praemollitas
442 1121 576 1179 iudicum
598 1124 719 1182 mentes.
749 1141 797 1197 an,
821 1123 901 1198 quod
924 1142 955 1182 se
977 1123 1076 1199 ipsum

57 1210 155 1270 invito
189 1209 326 1270 Cluentio
363 1212 461 1269 facere
493 1213 622 1270 testatus
655 1209 719 1271 est?
752 1211 825 1287 quid
856 1231 910 1288 pro
943 1211 1077 1272 Milone?
1091 1213 1129 1268 10

57 1298 138 1376 quod
161 1319 221 1358 non
245 1303 314 1359 ante
337 1301 481 1373 narravit,
506 1319 596 1375 quam
618 1301 809 1375 praeiudiciis
833 1302 971 1360 omnibus
989 1321 1074 1361 reum
1166 1308 1171 1313 ’

56 1387 219 1447 liberaret?
250 1389 331 1463 quod
362 1389 538 1448 insidiarum
567 1389 714 1449 invidiam
744 1392 777 1447 in
805 1389 942 1449 Clodium
974 1392 1074 1465 vertit,

58 1496 242 1553 quamquam
270 1497 302 1536 re
325 1497 397 1537 vera
419 1479 519 1536 fuerat
546 1497 649 1556 pugna
678 1477 826 1538 fortuita?
854 1479 933 1555 quod
960 1481 1075 1540 factum

17 1588 42 1628 re
57 1569 88 1626 et
118 1567 255 1626 laudavit
283 1569 313 1625 et
345 1569 445 1626 tamen
476 1568 631 1627 voluntate
660 1568 781 1628 Milonis
814 1567 962 1628 removit?
994 1569 1075 1645 quod

56 1656 104 1714 illi
127 1675 229 1731 preces
252 1675 313 1714 non
336 1655 420 1715 dedit
447 1659 478 1715 et
504 1658 536 1715 in
560 1675 664 1715 earum
695 1657 794 1715 locum
817 1660 882 1733 ipse
912 1657 1074 1718 successit?

55 1744 207 1803 infinitum
231 1748 276 1804 est
290 1764 471 1820 enumerare,
494 1748 529 1803 ut
549 1744 654 1805 Cottae
673 1745 836 1805 detraxerit
854 1749 1073 1822 auctoritatem,

56 1838 91 1892 ut
114 1853 169 1911 pro
192 1834 316 1910 Ligario
339 1853 370 1893 se
395 1837 576 1910 opposuerit,
601 1833 772 1894 Cornelium
794 1837 862 1911 ipsa
880 1838 1073 1897 confessionis

55 1923 167 1982 fiducia
191 1925 341 1998 eripuerit.
365 1923 442 1982 illud
464 1923 561 1982 dicere
585 1925 658 1983 satis
680 1924 790 2000 habeo,
817 1925 893 1984 nihil
921 1944 984 1986 esse
1013 1945 1073 1985 non
1090 1926 1125 1981 ll

15 2034 43 2073 eo
56 2013 144 2071 modo
168 2014 200 2070 in
224 2013 345 2089 orand0,
369 2012 476 2072 sedin
499 2014 580 2073 omni
603 2015 667 2072 vita
690 2016 772 2088 prius
797 2014 930 2091 consilio,
948 2015 1073 2075 frustra·

56 2120 114 2176 que
138 2103 202 2160 sine
226 2121 260 2160 eo
283 2102 364 2161 tradi
387 2104 499 2162 ceteras
523 2103 606 2178 artis,
628 2104 757 2178 plusque
780 2104 828 2162 vel
851 2106 914 2162 sine
938 2103 1074 2163 doctrina

56 2190 248 2266 prudentiam
271 2211 361 2267 quam
385 2193 448 2250 sine
471 2192 630 2266 prudentia
653 2193 750 2251 facere
770 2192 945 2253 doctrinam.
970 2196 1074 2269 aptare

57 2280 149 2338 etiam
173 2282 338 2340 orationem
361 2281 443 2356 locis,
465 2282 668 2358 temporibus,
696 2283 830 2358 personis
864 2285 909 2341 est
940 2283 1074 2342 eiusdem

56 2371 187 2428 virtutis.
212 2369 263 2428 sed
288 2371 338 2430 hic
366 2371 438 2446 quia
467 2371 560 2430 latius
594 2373 678 2432 fusus
710 2374 756 2430 est
787 2371 869 2430 locus
901 2373 1072 2448 mixtusque

16 2478 43 2520 as
58 2477 126 2518 cum
150 2458 325 2534 elocutione,
348 2459 543 2533 tractabitur,
572 2478 640 2518 oum
667 2462 837 2537 praecipere
866 2461 902 2518 de
933 2464 1003 2535 apte
1030 2462 1074 2520 di·

58 2548 150 2607 oendo
176 2551 367 2623 coeperimus.

131 2723 192 2787 lp.
212 2717 320 2772 Cluent.
341 2723 365 2786 1,
386 2723 399 2772 1

130 2884 146 2932 3
165 2878 288 2932 sufficiet
305 2898 338 2931 a:
358 2875 499 2931 sufficeret
518 2885 569 2930 ΡΥ
583 2876 756 2933 sufficeretur
769 2888 838 2936 Ata
856 2880 1030 2936 sufficientur
1045 2890 1077 2934 Μ

131 2955 164 3004 15
183 2950 357 3003 voluntatem
376 2957 448 3001 PVo
466 2964 484 3002 a
501 2949 648 3002 voluntate
665 2966 726 3005 corr
743 2962 766 3003 A
