2460 3854
133 146 178 212 '14
366 106 371 117 ι
439 148 667 214 QVINTILIANI
684 148 776 203 INST.
797 147 854 202 ΟΒ.

218 309 372 381 [Ufflvs
391 309 486 364 DOMI
503 309 557 365 AN
574 309 615 364 ΙΝ
635 308 783 364 SCHOLIS
801 307 1066 382 accolimus]

98 427 113 479 1
201 425 240 483 Π.
274 424 333 485 Sed
359 425 445 485 nobis
472 427 534 484 iam
561 426 710 502 paulatim
734 425 902 484 adcrescere
924 443 1000 500 puer
1023 427 1053 484 et
1078 427 1158 486 exire

132 515 169 572 de
193 516 305 592 gremio
330 518 360 573 et
383 515 494 574 discere
518 517 595 574 serio
618 516 753 591 incipiat.
777 514 832 572 hoc
851 515 946 592 igitur
963 515 1157 589 potissimum

132 604 198 663 loco
221 603 380 662 tractanda
403 605 539 679 quaestio
564 607 617 678 est,
640 604 785 663 utiliusne
805 605 845 662 sit
864 594 944 662 domi
963 606 1055 679 atque
1073 604 1157 664 intra

131 694 266 768 privatos
284 693 415 768 parietes
434 694 604 752 studentem
624 694 783 769 continere,
808 713 845 751 en
864 693 1051 767 frequentiae
1071 694 1155 753 scho·
1180 713 1189 754 u

95 781 230 839 ilerum
255 784 285 840 et
307 783 391 842 velut
413 782 542 857 publicis
565 782 806 859 praeceptoribus
830 783 956 841 tradere.
985 782 1066 857 quod
1090 784 1155 858 qui·

131 871 198 929 dem
229 890 296 930 cum
326 872 373 944 iis,
404 889 422 928 a
452 871 560 948 quibus
591 872 822 931 clarissimarum
855 872 1027 930 civitatium
1056 891 1154 932 mores

131 963 201 1019 sunt
224 961 365 1035 instituti,
388 964 453 1019 tum
477 960 719 1020 eminentissimis
743 960 915 1019 auctoribus
939 959 1026 1019 video
1049 962 1154 1036 placu-

129 1048 196 1109 isse.
225 1067 284 1107 non
303 1052 468 1109 esttamen
488 1049 746 1124 dissimulandum,
770 1069 832 1108 esse
850 1049 1019 1123 nonnullos,
1043 1051 1097 1126 qui
1115 1050 1153 1109 ab

130 1138 185 1198 hoc
213 1158 306 1215 prope
329 1138 449 1214 publico
473 1157 555 1198 more
578 1138 700 1214 privata.
723 1139 852 1213 quadam
876 1140 1069 1214 persuasione
1093 1139 1153 1199 dis·
1167 1161 1189 1201 ro

130 1231 270 1287 sentiant.
293 1229 325 1286 hi
349 1229 423 1287 duas
443 1229 602 1305 praecipue
620 1230 753 1286 rationes
772 1229 857 1303 sequi
875 1227 1029 1286 videntur:
1052 1247 1154 1304 unam,

130 1318 209 1392 quod
233 1317 366 1377 moribus
389 1319 486 1396 magis
511 1318 668 1376 consulant
690 1317 833 1394 fugiendo
856 1317 976 1376 turbam
996 1318 1154 1377 hominum

130 1408 192 1465 eius
217 1409 334 1482 aetatis,
359 1426 435 1482 quae
459 1407 499 1466 sit
523 1407 561 1466 ad
578 1408 655 1465 vitia
674 1408 802 1466 maxime
820 1425 932 1485 prona,
947 1407 1026 1464 unde
1047 1424 1153 1468 causas

128 1497 262 1571 turpium
291 1497 440 1556 factorum
464 1515 551 1573 saepe
576 1496 710 1555 extitisse
733 1495 850 1554 utinam
873 1496 950 1554 falso
963 1497 1152 1578 jactaretur:

129 1585 265 1659 alteram,
294 1586 382 1660 quod,
411 1585 545 1661 quisquis
573 1587 692 1644 futurus
721 1587 768 1644 est
789 1585 841 1643 ille
865 1588 1050 1662 praeceptor,
1078 1585 1188 1646 libau

127 1674 222 1733 relius
244 1678 381 1751 tempora
403 1694 459 1734 sua
481 1677 659 1750 inpensurus
683 1676 736 1732 uni
754 1673 874 1733 videtur
893 1692 984 1750 quam
1003 1676 1029 1734 si
1048 1675 1152 1736 eedem

92 1765 162 1824 tin
189 1765 286 1839 pluris
314 1765 473 1840 partiatur.
515 1766 598 1839 prior
626 1782 716 1823 causa
739 1781 861 1839 prorsus
885 1763 1000 1840 gravis:
1029 1782 1100 1822 nam
1125 1765 1152 1824 si

128 1853 235 1911 studiis
267 1853 388 1928 quidem
418 1854 534 1912 scholas
564 1854 717 1929 prodesse,
749 1850 881 1911 moribus
912 1855 1013 1911 autem
1042 1869 1154 1913 nocere

127 1945 290 2017 constaret,
321 1944 422 2018 potior
453 1942 528 2000 mihi
558 1945 637 2001 ratio
670 1941 789 2001 vivendi
814 1940 944 2002 'honeste
978 1960 1069 2017 quam
1101 1944 1151 2002 vel

127 2032 239 2106 optime
259 2031 377 2091 dicendi
394 2032 554 2091 videretur.
582 2032 633 2091 sed
652 2050 719 2091 mea
739 2030 858 2106 quidem
878 2033 1026 2090 sententia
1044 2033 1150 2092 iuncta
1164 2054 1187 2093 ro

126 2119 186 2179 ista
223 2125 314 2196 atquo
345 2121 507 2181 indiscreta
540 2124 622 2180 sunt:
661 2140 756 2196 neque
790 2121 869 2178 enim
902 2139 965 2180 esse
999 2123 1151 2181 oratorem

125 2211 185 2269 nisi
214 2210 326 2270 bonum
356 2212 455 2270 virum
481 2211 580 2271 iudico
610 2210 734 2285 otiien,
765 2211 857 2269 etiam
880 2212 906 2268 si
929 2213 1038 2286 potest,
1068 2212 1150 2271 nolo.

126 2299 162 2357 de
185 2299 241 2359 hac
264 2320 296 2359 re
318 2301 413 2377 igitur
435 2302 527 2377 prius.

90 2395 108 2450 4
195 2388 353 2466 Corrumpi
381 2409 478 2449 mores
508 2391 540 2447 in
570 2389 678 2449 scholis
706 2391 827 2465 putant:
860 2408 930 2446 nam
959 2396 989 2447 et
1016 2407 1149 2449 corrum-

124 2481 238 2553 puntur
260 2468 392 2553 interim,¹
418 2479 470 2538 sed
494 2479 575 2537 domi
598 2498 725 2554 quoque,
749 2481 780 2538 et
802 2480 872 2536 sunt
894 2478 992 2536 multa
1015 2480 1079 2538 eius
1102 2482 1149 2538 rei
1162 2501 1186 2542 ss

126 2568 269 2644 exempla,
292 2571 356 2627 tam
378 2569 506 2642 hercule,
530 2587 618 2643 quam
643 2571 835 2627 conservatae
859 2567 1045 2626 sanctissime
1064 2570 1145 2628 utro·

124 2656 214 2732 bique
247 2659 404 2734 opinionis.
438 2660 548 2716 natura
581 2658 722 2732 cuiusque
754 2661 853 2715 totum
883 2675 1013 2731 curaque
1043 2658 1148 2718 distat.

124 2746 163 2804 da
189 2749 320 2806 mentem
349 2748 387 2807 ad
409 2747 512 2822 peiora
535 2747 663 2819 facilem,
691 2747 730 2805 da
752 2745 973 2824 neglegentiam
996 2747 1148 2806 formandi

125 2836 369 2911 custodiendique
405 2838 437 2894 in
475 2839 574 2895 aetate
609 2837 709 2912 prima
739 2836 871 2911 pudoris,
907 2854 968 2894 non
998 2838 1147 2896 minorem

123 2925 246 3004 flagitiis
280 2928 463 2986 occasionem
497 2929 611 2985 secreta
643 2924 843 3001 praebuerint.
884 2944 954 2984 nam
985 2928 1015 2984 et
1044 2930 1147 3001 potest
1161 2950 1186 2989 so

122 3017 219 3090 turpis
244 3034 307 3075 esse
330 3016 509 3075 domesticus
532 3017 719 3091 praeceptor,
746 3033 800 3073 nec
822 3016 918 3074 tutior
940 3014 1020 3072 inter
1042 3033 1146 3076 servos

122 3105 216 3163 malos
250 3124 341 3180 quam
371 3107 516 3183 ingenuos
548 3124 656 3181 parum
687 3105 836 3164 modestos
870 3105 1056 3163 conversatio
1090 3113 1145 3164 est.

194 3263 209 3310 6
228 3257 306 3312 velut
336 3258 382 3312 vel
402 3259 538 3324 Vollmer!
554 3257 690 3328 publicis:
716 3259 756 3312 sic
773 3267 797 3311 Δ
816 3274 921 3326 qaoque
945 3259 990 3311 sed
1008 3256 1092 3312 blicis
1112 3259 1147 3312 iic

121 3347 168 3383 ros
191 3329 228 3381 A*
250 3329 404 3399 pubicatis
424 3330 518 3393 ΝΒςῙ,
544 3331 576 3384 io
599 3347 651 3398 quo
674 3328 830 3399 publicitus
849 3329 1001 3383 delitescere
1018 3330 1146 3396 videtur,-

120 3400 240 3470 pulpitis
259 3402 450 3470 praeceptoris
468 3404 495 3455 ei
513 3401 617 3456 Seboell
680 3406 714 3453 22
734 3403 830 3469 posset
849 3401 962 3454 Badius
1026 3405 1060 3452 26
1079 3399 1146 3454 her-

120 3472 182 3526 cule
192 3475 225 3538 cs
234 3474 325 3527 Taciti
336 3474 417 3528 Dici.
432 3479 460 3540 8,
469 3478 508 3527 28
522 3479 548 3528 et
560 3477 605 3538 21,
615 3477 652 3526 23
673 3473 800 3541 (Becher)
816 3471 927 3540 perdite
945 3470 1020 3536 {31¹²
1035 3473 1065 3525 iu
1079 3491 1146 3540 Δναες

99 3539 202 3594 laesae
219 3544 339 3600 hercule
358 3546 415 3602 edd
425 3547 578 3618 pleraeque
597 3552 697 3602 ceteros
716 3562 749 3600 en
767 3544 836 3599 codd
