<?xml version="1.0" encoding="UTF-8"?>
<!DOCTYPE html PUBLIC "-//W3C//DTD XHTML 1.0 Transitional//EN"
    "http://www.w3.org/TR/xhtml1/DTD/xhtml1-transitional.dtd">
<html xmlns="http://www.w3.org/1999/xhtml" xml:lang="en" lang="en">
 <head>
  <title>
</title>
<meta http-equiv="Content-Type" content="text/html;charset=utf-8" />
  <meta name='ocr-system' content='tesseract 3.04.00' />
  <meta name='ocr-capabilities' content='ocr_page ocr_carea ocr_par ocr_line ocrx_word'/>
</head>
<body>
  <div class='ocr_page' id='page_1' title='image "./mfabiqvintilian00quingoog_0016.png"; bbox 0 0 2460 3854; ppageno 0'>
   <div class='ocr_carea' id='block_1_1' title="bbox 472 113 1103 210">
    <p class='ocr_par' dir='ltr' id='par_1_1' title="bbox 472 113 1103 210">
     <span class='ocr_line' id='line_1_1' title="bbox 472 113 1103 210; baseline -0.003 -24"><span class='ocrx_word' id='word_1_1' title='bbox 472 130 687 189; x_wconf 72' lang='lat' dir='ltr'>palasano.</span> <span class='ocrx_word' id='word_1_2' title='bbox 1023 113 1024 116; x_wconf 65' lang='lat'>‘</span> <span class='ocrx_word' id='word_1_3' title='bbox 1049 131 1103 210; x_wconf 67' lang='lat' dir='ltr'>ru⁴</span> 
     </span>
    </p>
   </div>
   <div class='ocr_carea' id='block_1_2' title="bbox 66 295 1149 3586">
    <p class='ocr_par' dir='ltr' id='par_1_2' title="bbox 66 295 1149 557">
     <span class='ocr_line' id='line_1_2' title="bbox 67 295 1149 384; baseline -0.002 -22"><span class='ocrx_word' id='word_1_4' title='bbox 67 295 152 384; x_wconf 84' lang='lat' dir='ltr'>sunt)</span> <span class='ocrx_word' id='word_1_5' title='bbox 181 302 278 362; x_wconf 92' lang='lat' dir='ltr'>medio</span> <span class='ocrx_word' id='word_1_6' title='bbox 312 321 385 361; x_wconf 85' lang='lat' dir='ltr'>aevo</span> <span class='ocrx_word' id='word_1_7' title='bbox 419 322 454 360; x_wconf 87' lang='lat' dir='ltr'>ex</span> <span class='ocrx_word' id='word_1_8' title='bbox 482 302 582 361; x_wconf 90' lang='lat' dir='ltr'>codice</span> <span class='ocrx_word' id='word_1_9' title='bbox 609 300 801 359; x_wconf 85' lang='lat' dir='ltr'>Ambrosiam</span> <span class='ocrx_word' id='word_1_10' title='bbox 830 302 957 377; x_wconf 87' lang='lat' dir='ltr'>gemello</span> <span class='ocrx_word' id='word_1_11' title='bbox 988 319 1087 379; x_wconf 81' lang='lat' dir='ltr'>gram·</span> <span class='ocrx_word' id='word_1_12' title='bbox 1145 311 1149 318; x_wconf 89' lang='grc'><strong>“</strong></span> 
     </span>
     <span class='ocr_line' id='line_1_3' title="bbox 66 390 1086 467; baseline -0.003 -16"><span class='ocrx_word' id='word_1_13' title='bbox 66 393 196 451; x_wconf 92' lang='lat' dir='ltr'>maticus</span> <span class='ocrx_word' id='word_1_14' title='bbox 220 393 318 450; x_wconf 91' lang='lat' dir='ltr'>nescio</span> <span class='ocrx_word' id='word_1_15' title='bbox 343 393 409 467; x_wconf 91' lang='lat' dir='ltr'>quis</span> <span class='ocrx_word' id='word_1_16' title='bbox 433 391 630 466; x_wconf 73' lang='lat' dir='ltr'><strong>deprompsit:</strong></span> <span class='ocrx_word' id='word_1_17' title='bbox 655 410 720 449; x_wconf 89' lang='lat' dir='ltr'>eam</span> <span class='ocrx_word' id='word_1_18' title='bbox 742 409 803 448; x_wconf 90' lang='lat' dir='ltr'>non</span> <span class='ocrx_word' id='word_1_19' title='bbox 824 391 936 449; x_wconf 90' lang='lat' dir='ltr'>habent</span> <span class='ocrx_word' id='word_1_20' title='bbox 960 390 1086 450; x_wconf 87' lang='lat' dir='ltr'>auctori·</span> 
     </span>
     <span class='ocr_line' id='line_1_4' title="bbox 66 480 798 557; baseline -0.007 -16"><span class='ocrx_word' id='word_1_21' title='bbox 66 484 171 556; x_wconf 92' lang='lat' dir='ltr'>tatem,</span> <span class='ocrx_word' id='word_1_22' title='bbox 196 499 286 555; x_wconf 93' lang='lat' dir='ltr'>quam</span> <span class='ocrx_word' id='word_1_23' title='bbox 309 480 414 539; x_wconf 87' lang='lat' dir='ltr'>Victor</span> <span class='ocrx_word' id='word_1_24' title='bbox 436 482 500 540; x_wconf 91' lang='lat' dir='ltr'>iure</span> <span class='ocrx_word' id='word_1_25' title='bbox 524 481 670 557; x_wconf 85' lang='lat' dir='ltr'><strong>adrogare</strong></span> <span class='ocrx_word' id='word_1_26' title='bbox 692 481 798 555; x_wconf 86' lang='lat' dir='ltr'>potest.</span> 
     </span>
    </p>

    <p class='ocr_par' dir='ltr' id='par_1_3' title="bbox 66 569 1149 3301">
     <span class='ocr_line' id='line_1_5' title="bbox 134 569 1085 645; baseline -0.002 -17"><span class='ocrx_word' id='word_1_27' title='bbox 134 570 274 645; x_wconf 86' lang='lat' dir='ltr'>Denique</span> <span class='ocrx_word' id='word_1_28' title='bbox 299 569 478 639; x_wconf 77' lang='lat' dir='ltr'>Quintiliani</span> <span class='ocrx_word' id='word_1_29' title='bbox 501 569 616 628; x_wconf 91' lang='lat' dir='ltr'>codices</span> <span class='ocrx_word' id='word_1_30' title='bbox 639 571 787 644; x_wconf 72' lang='lat' dir='ltr'>quotquot</span> <span class='ocrx_word' id='word_1_31' title='bbox 810 571 928 627; x_wconf 87' lang='lat' dir='ltr'>exstant</span> <span class='ocrx_word' id='word_1_32' title='bbox 960 588 995 628; x_wconf 85' lang='lat' dir='ltr'>ex</span> <span class='ocrx_word' id='word_1_33' title='bbox 1026 587 1085 626; x_wconf 92' lang='lat' dir='ltr'>uno</span> 
     </span>
     <span class='ocr_line' id='line_1_6' title="bbox 68 658 1086 734; baseline -0.003 -16"><span class='ocrx_word' id='word_1_34' title='bbox 68 661 232 734; x_wconf 84' lang='lat' dir='ltr'>archetypo</span> <span class='ocrx_word' id='word_1_35' title='bbox 254 658 373 718; x_wconf 85' lang='lat' dir='ltr'>fluxisse</span> <span class='ocrx_word' id='word_1_36' title='bbox 396 677 512 731; x_wconf 90' lang='lat' dir='ltr'>moneo,</span> <span class='ocrx_word' id='word_1_37' title='bbox 536 677 613 733; x_wconf 88' lang='lat' dir='ltr'>quae</span> <span class='ocrx_word' id='word_1_38' title='bbox 642 659 812 716; x_wconf 89' lang='lat' dir='ltr'>coniectura</span> <span class='ocrx_word' id='word_1_39' title='bbox 839 658 963 733; x_wconf 89' lang='lat' dir='ltr'>lacunis,</span> <span class='ocrx_word' id='word_1_40' title='bbox 994 659 1086 716; x_wconf 90' lang='lat' dir='ltr'>inter-</span> 
     </span>
     <span class='ocr_line' id='line_1_7' title="bbox 66 746 1085 825; baseline -0.005 -17"><span class='ocrx_word' id='word_1_41' title='bbox 66 747 281 825; x_wconf 89' lang='lat' dir='ltr'>polationibus,</span> <span class='ocrx_word' id='word_1_42' title='bbox 304 749 469 823; x_wconf 77' lang='lat' dir='ltr'>scripturae</span> <span class='ocrx_word' id='word_1_43' title='bbox 492 747 574 808; x_wconf 81' lang='lat' dir='ltr'>vitiis</span> <span class='ocrx_word' id='word_1_44' title='bbox 598 747 729 804; x_wconf 89' lang='lat' dir='ltr'>omnium</span> <span class='ocrx_word' id='word_1_45' title='bbox 753 747 958 805; x_wconf 90' lang='lat' dir='ltr'>communibus</span> <span class='ocrx_word' id='word_1_46' title='bbox 982 746 1085 805; x_wconf 89' lang='lat' dir='ltr'>confir-</span> 
     </span>
     <span class='ocr_line' id='line_1_8' title="bbox 66 835 1085 911; baseline -0.004 -15"><span class='ocrx_word' id='word_1_47' title='bbox 66 840 177 897; x_wconf 91' lang='lat' dir='ltr'>matur.</span> <span class='ocrx_word' id='word_1_48' title='bbox 201 837 277 895; x_wconf 78' lang='lat' dir='ltr'>Erat</span> <span class='ocrx_word' id='word_1_49' title='bbox 298 836 325 895; x_wconf 89' lang='lat' dir='ltr'>is</span> <span class='ocrx_word' id='word_1_50' title='bbox 348 836 424 894; x_wconf 91' lang='lat' dir='ltr'>liber</span> <span class='ocrx_word' id='word_1_51' title='bbox 445 837 508 894; x_wconf 90' lang='lat' dir='ltr'>iam</span> <span class='ocrx_word' id='word_1_52' title='bbox 530 835 705 895; x_wconf 82' lang='lat' dir='ltr'>minusculis</span> <span class='ocrx_word' id='word_1_53' title='bbox 729 836 838 894; x_wconf 88' lang='lat' dir='ltr'>litteris</span> <span class='ocrx_word' id='word_1_54' title='bbox 857 837 995 911; x_wconf 87' lang='lat' dir='ltr'>scriptus,</span> <span class='ocrx_word' id='word_1_55' title='bbox 1017 835 1085 893; x_wconf 89' lang='lat' dir='ltr'>Vic-</span> 
     </span>
     <span class='ocr_line' id='line_1_9' title="bbox 66 924 1086 1002; baseline -0.003 -17"><span class='ocrx_word' id='word_1_56' title='bbox 66 929 133 985; x_wconf 90' lang='lat' dir='ltr'>tore</span> <span class='ocrx_word' id='word_1_57' title='bbox 158 925 312 1002; x_wconf 85' lang='lat' dir='ltr'>aliquanto</span> <span class='ocrx_word' id='word_1_58' title='bbox 336 927 495 984; x_wconf 75' lang='lat' dir='ltr'>recentior:</span> <span class='ocrx_word' id='word_1_59' title='bbox 528 927 558 983; x_wconf 94' lang='lat' dir='ltr'>et</span> <span class='ocrx_word' id='word_1_60' title='bbox 587 925 701 984; x_wconf 91' lang='lat' dir='ltr'>scholia</span> <span class='ocrx_word' id='word_1_61' title='bbox 729 924 901 983; x_wconf 86' lang='lat' dir='ltr'>continebat</span> <span class='ocrx_word' id='word_1_62' title='bbox 928 927 958 982; x_wconf 93' lang='lat' dir='ltr'>et</span> <span class='ocrx_word' id='word_1_63' title='bbox 984 925 1086 983; x_wconf 82' lang='lat' dir='ltr'>variae</span> 
     </span>
     <span class='ocr_line' id='line_1_10' title="bbox 67 1009 1086 1090; baseline -0.004 -15"><span class='ocrx_word' id='word_1_64' title='bbox 67 1017 207 1075; x_wconf 90' lang='lat' dir='ltr'>lectionis</span> <span class='ocrx_word' id='word_1_65' title='bbox 236 1015 370 1090; x_wconf 90' lang='lat' dir='ltr'>aliquam</span> <span class='ocrx_word' id='word_1_66' title='bbox 397 1016 522 1090; x_wconf 89' lang='lat' dir='ltr'>copiam.</span> <span class='ocrx_word' id='word_1_67' title='bbox 573 1014 653 1071; x_wconf 87' lang='lat' dir='ltr'>Nam</span> <span class='ocrx_word' id='word_1_68' title='bbox 681 1032 757 1088; x_wconf 93' lang='lat' dir='ltr'>qnae</span> <span class='ocrx_word' id='word_1_69' title='bbox 785 1013 863 1071; x_wconf 91' lang='lat' dir='ltr'>inter</span> <span class='ocrx_word' id='word_1_70' title='bbox 885 1010 922 1072; x_wconf 79' lang='lat' dir='ltr'><strong><em>A</em></strong></span> <span class='ocrx_word' id='word_1_71' title='bbox 945 1016 975 1071; x_wconf 90' lang='lat' dir='ltr'>et</span> <span class='ocrx_word' id='word_1_72' title='bbox 996 1009 1034 1073; x_wconf 93' lang='grc' dir='ltr'>Β</span> <span class='ocrx_word' id='word_1_73' title='bbox 1057 1016 1086 1071; x_wconf 89' lang='lat' dir='ltr'>ot</span> 
     </span>
     <span class='ocr_line' id='line_1_11' title="bbox 68 1102 1086 1178; baseline -0.005 -13"><span class='ocrx_word' id='word_1_74' title='bbox 68 1103 108 1165; x_wconf 88' lang='lat' dir='ltr'><strong>P</strong></span> <span class='ocrx_word' id='word_1_75' title='bbox 128 1104 287 1163; x_wconf 82' lang='lat' dir='ltr'>diversitas</span> <span class='ocrx_word' id='word_1_76' title='bbox 310 1103 476 1178; x_wconf 86' lang='lat' dir='ltr'>intercedit,</span> <span class='ocrx_word' id='word_1_77' title='bbox 499 1122 565 1162; x_wconf 89' lang='lat' dir='ltr'>eam</span> <span class='ocrx_word' id='word_1_78' title='bbox 587 1121 647 1161; x_wconf 90' lang='lat' dir='ltr'>non</span> <span class='ocrx_word' id='word_1_79' title='bbox 671 1103 768 1160; x_wconf 90' lang='lat' dir='ltr'>solum</span> <span class='ocrx_word' id='word_1_80' title='bbox 785 1102 977 1160; x_wconf 84' lang='lat' dir='ltr'>librariorum</span> <span class='ocrx_word' id='word_1_81' title='bbox 995 1102 1086 1161; x_wconf 85' lang='lat' dir='ltr'>verba</span> 
     </span>
     <span class='ocr_line' id='line_1_12' title="bbox 66 1191 1085 1269; baseline -0.004 -17"><span class='ocrx_word' id='word_1_82' title='bbox 66 1193 326 1269; x_wconf 85' lang='lat' dir='ltr'>pessumdantium</span> <span class='ocrx_word' id='word_1_83' title='bbox 349 1193 437 1268; x_wconf 91' lang='lat' dir='ltr'>culpa</span> <span class='ocrx_word' id='word_1_84' title='bbox 460 1192 608 1268; x_wconf 85' lang='lat' dir='ltr'>explicare</span> <span class='ocrx_word' id='word_1_85' title='bbox 632 1192 715 1250; x_wconf 88' lang='lat' dir='ltr'>licet:</span> <span class='ocrx_word' id='word_1_86' title='bbox 739 1193 809 1250; x_wconf 87' lang='lat' dir='ltr'>sunt</span> <span class='ocrx_word' id='word_1_87' title='bbox 827 1211 863 1249; x_wconf 85' lang='lat' dir='ltr'>er</span> <span class='ocrx_word' id='word_1_88' title='bbox 880 1193 967 1267; x_wconf 89' lang='lat' dir='ltr'>parte</span> <span class='ocrx_word' id='word_1_89' title='bbox 984 1191 1085 1250; x_wconf 84' lang='lat' dir='ltr'>variae</span> 
     </span>
     <span class='ocr_line' id='line_1_13' title="bbox 66 1279 1086 1357; baseline -0.003 -16"><span class='ocrx_word' id='word_1_90' title='bbox 66 1283 212 1342; x_wconf 91' lang='lat' dir='ltr'>lectiones</span> <span class='ocrx_word' id='word_1_91' title='bbox 237 1301 309 1357; x_wconf 86' lang='lat' dir='ltr'>quas</span> <span class='ocrx_word' id='word_1_92' title='bbox 332 1281 458 1340; x_wconf 79' lang='lat' dir='ltr'>tradidit</span> <span class='ocrx_word' id='word_1_93' title='bbox 486 1281 571 1340; x_wconf 92' lang='lat' dir='ltr'>nobis</span> <span class='ocrx_word' id='word_1_94' title='bbox 600 1281 772 1356; x_wconf 83' lang='lat' dir='ltr'>antiquitas.</span> <span class='ocrx_word' id='word_1_95' title='bbox 802 1279 882 1338; x_wconf 92' lang='lat' dir='ltr'>Hinc</span> <span class='ocrx_word' id='word_1_96' title='bbox 914 1283 1013 1338; x_wconf 86' lang='lat' dir='ltr'>ortum</span> <span class='ocrx_word' id='word_1_97' title='bbox 1041 1283 1086 1338; x_wconf 93' lang='lat' dir='ltr'>est</span> 
     </span>
     <span class='ocr_line' id='line_1_14' title="bbox 66 1360 1086 1451; baseline -0.002 -21"><span class='ocrx_word' id='word_1_98' title='bbox 66 1371 145 1430; x_wconf 92' lang='lat' dir='ltr'>illud</span> <span class='ocrx_word' id='word_1_99' title='bbox 167 1371 247 1429; x_wconf 91' lang='lat' dir='ltr'>inter</span> <span class='ocrx_word' id='word_1_100' title='bbox 269 1370 502 1429; x_wconf 82' lang='lat' dir='ltr'>Ambrosianum</span> <span class='ocrx_word' id='word_1_101' title='bbox 517 1362 582 1451; x_wconf 84' lang='lat' dir='ltr'>(A)</span> <span class='ocrx_word' id='word_1_102' title='bbox 602 1372 633 1428; x_wconf 92' lang='lat' dir='ltr'>et</span> <span class='ocrx_word' id='word_1_103' title='bbox 654 1369 835 1428; x_wconf 87' lang='lat' dir='ltr'>Bemensem</span> <span class='ocrx_word' id='word_1_104' title='bbox 849 1360 913 1451; x_wconf 82' lang='lat' dir='ltr'>(B)</span> <span class='ocrx_word' id='word_1_105' title='bbox 929 1373 1086 1444; x_wconf 87' lang='lat' dir='ltr'>certamen,</span> 
     </span>
     <span class='ocr_line' id='line_1_15' title="bbox 67 1458 1086 1534; baseline -0.002 -16"><span class='ocrx_word' id='word_1_106' title='bbox 67 1462 165 1519; x_wconf 89' lang='lat' dir='ltr'>utrius</span> <span class='ocrx_word' id='word_1_107' title='bbox 193 1459 289 1518; x_wconf 88' lang='lat' dir='ltr'>maior</span> <span class='ocrx_word' id='word_1_108' title='bbox 312 1461 352 1519; x_wconf 89' lang='lat' dir='ltr'>sit</span> <span class='ocrx_word' id='word_1_109' title='bbox 375 1459 446 1518; x_wconf 90' lang='lat' dir='ltr'>fides</span> <span class='ocrx_word' id='word_1_110' title='bbox 471 1463 561 1534; x_wconf 92' lang='lat' dir='ltr'>atque</span> <span class='ocrx_word' id='word_1_111' title='bbox 585 1461 757 1534; x_wconf 87' lang='lat' dir='ltr'>auctoritas,</span> <span class='ocrx_word' id='word_1_112' title='bbox 787 1477 845 1533; x_wconf 89' lang='lat' dir='ltr'>quo</span> <span class='ocrx_word' id='word_1_113' title='bbox 868 1458 901 1516; x_wconf 94' lang='lat' dir='ltr'>in</span> <span class='ocrx_word' id='word_1_114' title='bbox 924 1458 1086 1517; x_wconf 91' lang='lat' dir='ltr'>certamine</span> 
     </span>
     <span class='ocr_line' id='line_1_16' title="bbox 68 1547 1085 1623; baseline -0.004 -15"><span class='ocrx_word' id='word_1_115' title='bbox 68 1550 119 1608; x_wconf 91' lang='lat' dir='ltr'>diu</span> <span class='ocrx_word' id='word_1_116' title='bbox 142 1551 239 1608; x_wconf 84' lang='lat' dir='ltr'>victor</span> <span class='ocrx_word' id='word_1_117' title='bbox 262 1549 320 1607; x_wconf 83' lang='lat' dir='ltr'>fuit</span> <span class='ocrx_word' id='word_1_118' title='bbox 342 1548 567 1622; x_wconf 88' lang='lat' dir='ltr'>Ambrosianus,</span> <span class='ocrx_word' id='word_1_119' title='bbox 591 1550 639 1606; x_wconf 92' lang='lat' dir='ltr'>cui</span> <span class='ocrx_word' id='word_1_120' title='bbox 662 1567 698 1606; x_wconf 93' lang='lat' dir='ltr'>ne</span> <span class='ocrx_word' id='word_1_121' title='bbox 717 1547 865 1606; x_wconf 90' lang='lat' dir='ltr'>Becherus</span> <span class='ocrx_word' id='word_1_122' title='bbox 884 1548 1003 1623; x_wconf 90' lang='lat' dir='ltr'>quidem</span> <span class='ocrx_word' id='word_1_123' title='bbox 1021 1547 1085 1622; x_wconf 93' lang='lat' dir='ltr'>pal-</span> 
     </span>
     <span class='ocr_line' id='line_1_17' title="bbox 67 1636 1085 1715; baseline -0.001 -19"><span class='ocrx_word' id='word_1_124' title='bbox 67 1658 149 1697; x_wconf 90' lang='lat' dir='ltr'>mam</span> <span class='ocrx_word' id='word_1_125' title='bbox 173 1639 303 1715; x_wconf 84' lang='lat' dir='ltr'>negavit.</span> <span class='ocrx_word' id='word_1_126' title='bbox 351 1637 418 1696; x_wconf 86' lang='lat' dir='ltr'>Scio</span> <span class='ocrx_word' id='word_1_127' title='bbox 443 1639 543 1696; x_wconf 88' lang='lat' dir='ltr'>autem</span> <span class='ocrx_word' id='word_1_128' title='bbox 575 1638 663 1695; x_wconf 90' lang='lat' dir='ltr'>huius</span> <span class='ocrx_word' id='word_1_129' title='bbox 696 1636 767 1694; x_wconf 88' lang='lat' dir='ltr'>libri</span> <span class='ocrx_word' id='word_1_130' title='bbox 800 1636 1003 1696; x_wconf 80' lang='lat' dir='ltr'>adversarium</span> <span class='ocrx_word' id='word_1_131' title='bbox 1032 1637 1085 1695; x_wconf 89' lang='lat' dir='ltr'>ali-</span> 
     </span>
     <span class='ocr_line' id='line_1_18' title="bbox 69 1725 1087 1803; baseline -0.003 -17"><span class='ocrx_word' id='word_1_132' title='bbox 69 1727 188 1803; x_wconf 92' lang='lat' dir='ltr'>quando</span> <span class='ocrx_word' id='word_1_133' title='bbox 213 1729 360 1786; x_wconf 84' lang='lat' dir='ltr'>exstitisse</span> <span class='ocrx_word' id='word_1_134' title='bbox 383 1729 482 1785; x_wconf 86' lang='lat' dir='ltr'>virum</span> <span class='ocrx_word' id='word_1_135' title='bbox 510 1728 584 1786; x_wconf 90' lang='lat' dir='ltr'>artis</span> <span class='ocrx_word' id='word_1_136' title='bbox 612 1727 732 1784; x_wconf 89' lang='lat' dir='ltr'>criticae</span> <span class='ocrx_word' id='word_1_137' title='bbox 754 1726 969 1801; x_wconf 88' lang='lat' dir='ltr'>peritissimum</span> <span class='ocrx_word' id='word_1_138' title='bbox 997 1725 1087 1784; x_wconf 87' lang='lat' dir='ltr'>Geor-</span> 
     </span>
     <span class='ocr_line' id='line_1_19' title="bbox 68 1813 1086 1895; baseline -0.002 -21"><span class='ocrx_word' id='word_1_139' title='bbox 68 1819 151 1895; x_wconf 85' lang='lat' dir='ltr'>gium</span> <span class='ocrx_word' id='word_1_140' title='bbox 175 1815 291 1891; x_wconf 90' lang='lat' dir='ltr'>Kaibel,</span> <span class='ocrx_word' id='word_1_141' title='bbox 315 1818 376 1875; x_wconf 90' lang='lat' dir='ltr'>scio</span> <span class='ocrx_word' id='word_1_142' title='bbox 399 1815 526 1874; x_wconf 88' lang='lat' dir='ltr'>eundem</span> <span class='ocrx_word' id='word_1_143' title='bbox 544 1815 675 1874; x_wconf 91' lang='lat' dir='ltr'>codicem</span> <span class='ocrx_word' id='word_1_144' title='bbox 689 1815 794 1873; x_wconf 89' lang='lat' dir='ltr'>multis</span> <span class='ocrx_word' id='word_1_145' title='bbox 808 1813 882 1874; x_wconf 90' lang='lat' dir='ltr'>locis</span> <span class='ocrx_word' id='word_1_146' title='bbox 901 1834 968 1874; x_wconf 92' lang='lat' dir='ltr'>cum</span> <span class='ocrx_word' id='word_1_147' title='bbox 987 1814 1086 1873; x_wconf 90' lang='lat' dir='ltr'>studio</span> 
     </span>
     <span class='ocr_line' id='line_1_20' title="bbox 68 1902 1086 1982; baseline -0.005 -17"><span class='ocrx_word' id='word_1_148' title='bbox 68 1910 159 1982; x_wconf 89' lang='lat' dir='ltr'>atque</span> <span class='ocrx_word' id='word_1_149' title='bbox 182 1904 331 1964; x_wconf 89' lang='lat' dir='ltr'>industria</span> <span class='ocrx_word' id='word_1_150' title='bbox 354 1908 517 1964; x_wconf 89' lang='lat' dir='ltr'>correctum</span> <span class='ocrx_word' id='word_1_151' title='bbox 536 1905 632 1963; x_wconf 82' lang='lat' dir='ltr'>rideri</span> <span class='ocrx_word' id='word_1_152' title='bbox 650 1902 836 1979; x_wconf 89' lang='lat' dir='ltr'>quibusdam,</span> <span class='ocrx_word' id='word_1_153' title='bbox 860 1923 986 1979; x_wconf 89' lang='lat' dir='ltr'>quorum</span> <span class='ocrx_word' id='word_1_154' title='bbox 1005 1904 1086 1978; x_wconf 90' lang='lat' dir='ltr'>equi-</span> 
     </span>
     <span class='ocr_line' id='line_1_21' title="bbox 67 1992 1086 2069; baseline -0.001 -17"><span class='ocrx_word' id='word_1_155' title='bbox 67 2015 136 2054; x_wconf 92' lang='lat' dir='ltr'>nem</span> <span class='ocrx_word' id='word_1_156' title='bbox 159 1993 242 2052; x_wconf 89' lang='lat' dir='ltr'>haud</span> <span class='ocrx_word' id='word_1_157' title='bbox 263 1997 351 2069; x_wconf 85' lang='lat' dir='ltr'>parvi</span> <span class='ocrx_word' id='word_1_158' title='bbox 377 1995 498 2053; x_wconf 90' lang='lat' dir='ltr'>fecerim</span> <span class='ocrx_word' id='word_1_159' title='bbox 525 1993 677 2053; x_wconf 91' lang='lat' dir='ltr'>iudicium.</span> <span class='ocrx_word' id='word_1_160' title='bbox 714 1992 757 2051; x_wconf 89' lang='lat' dir='ltr'>At</span> <span class='ocrx_word' id='word_1_161' title='bbox 784 1992 863 2052; x_wconf 91' lang='lat' dir='ltr'>idem</span> <span class='ocrx_word' id='word_1_162' title='bbox 890 2012 958 2050; x_wconf 92' lang='lat' dir='ltr'>cum</span> <span class='ocrx_word' id='word_1_163' title='bbox 985 2011 1086 2068; x_wconf 88' lang='lat' dir='ltr'>saepe·</span> 
     </span>
     <span class='ocr_line' id='line_1_22' title="bbox 67 2081 1085 2161; baseline -0.004 -18"><span class='ocrx_word' id='word_1_164' title='bbox 67 2085 191 2143; x_wconf 88' lang='lat' dir='ltr'>dumoro</span> <span class='ocrx_word' id='word_1_165' title='bbox 210 2083 314 2143; x_wconf 89' lang='lat' dir='ltr'>unicus</span> <span class='ocrx_word' id='word_1_166' title='bbox 338 2083 456 2161; x_wconf 84' lang='lat' dir='ltr'>egregie</span> <span class='ocrx_word' id='word_1_167' title='bbox 479 2102 550 2143; x_wconf 85' lang='lat' dir='ltr'>vera</span> <span class='ocrx_word' id='word_1_168' title='bbox 572 2084 713 2156; x_wconf 86' lang='lat' dir='ltr'>servavit,</span> <span class='ocrx_word' id='word_1_169' title='bbox 735 2085 800 2141; x_wconf 92' lang='lat' dir='ltr'>tum</span> <span class='ocrx_word' id='word_1_170' title='bbox 822 2081 903 2140; x_wconf 89' lang='lat' dir='ltr'>haud</span> <span class='ocrx_word' id='word_1_171' title='bbox 926 2100 994 2140; x_wconf 89' lang='lat' dir='ltr'>raro</span> <span class='ocrx_word' id='word_1_172' title='bbox 1019 2099 1085 2140; x_wconf 89' lang='lat' dir='ltr'>auc·</span> 
     </span>
     <span class='ocr_line' id='line_1_23' title="bbox 68 2170 1087 2247; baseline -0.003 -17"><span class='ocrx_word' id='word_1_173' title='bbox 68 2174 177 2233; x_wconf 87' lang='lat' dir='ltr'>toritas</span> <span class='ocrx_word' id='word_1_174' title='bbox 214 2175 278 2231; x_wconf 90' lang='lat' dir='ltr'>eius</span> <span class='ocrx_word' id='word_1_175' title='bbox 315 2191 333 2230; x_wconf 92' lang='lat' dir='ltr'>a</span> <span class='ocrx_word' id='word_1_176' title='bbox 364 2173 447 2231; x_wconf 82' lang='lat' dir='ltr'>Julio</span> <span class='ocrx_word' id='word_1_177' title='bbox 484 2171 606 2231; x_wconf 91' lang='lat' dir='ltr'>Victore</span> <span class='ocrx_word' id='word_1_178' title='bbox 643 2171 842 2229; x_wconf 88' lang='lat' dir='ltr'>confirmatur.</span> <span class='ocrx_word' id='word_1_179' title='bbox 902 2170 958 2228; x_wconf 82' lang='lat' dir='ltr'>Est</span> <span class='ocrx_word' id='word_1_180' title='bbox 994 2171 1087 2247; x_wconf 82' lang='lat' dir='ltr'>igitur</span> 
     </span>
     <span class='ocr_line' id='line_1_24' title="bbox 68 2258 1086 2338; baseline -0.004 -17"><span class='ocrx_word' id='word_1_181' title='bbox 68 2263 205 2338; x_wconf 86' lang='lat' dir='ltr'>quaestio</span> <span class='ocrx_word' id='word_1_182' title='bbox 229 2261 355 2338; x_wconf 66' lang='lat' dir='ltr'>singmlis</span> <span class='ocrx_word' id='word_1_183' title='bbox 378 2262 453 2321; x_wconf 89' lang='lat' dir='ltr'>locis</span> <span class='ocrx_word' id='word_1_184' title='bbox 476 2260 679 2337; x_wconf 90' lang='lat' dir='ltr'>disceptanda,</span> <span class='ocrx_word' id='word_1_185' title='bbox 703 2259 773 2318; x_wconf 91' lang='lat' dir='ltr'>dum</span> <span class='ocrx_word' id='word_1_186' title='bbox 796 2258 884 2318; x_wconf 92' lang='lat' dir='ltr'>modo</span> <span class='ocrx_word' id='word_1_187' title='bbox 911 2260 1013 2318; x_wconf 89' lang='lat' dir='ltr'>teneas</span> <span class='ocrx_word' id='word_1_188' title='bbox 1036 2279 1086 2317; x_wconf 89' lang='lat' dir='ltr'>ne·</span> 
     </span>
     <span class='ocr_line' id='line_1_25' title="bbox 67 2347 1086 2427; baseline -0.004 -18"><span class='ocrx_word' id='word_1_189' title='bbox 67 2371 126 2427; x_wconf 90' lang='lat' dir='ltr'>que</span> <span class='ocrx_word' id='word_1_190' title='bbox 150 2350 342 2409; x_wconf 88' lang='lat' dir='ltr'>Ambrosiani</span> <span class='ocrx_word' id='word_1_191' title='bbox 365 2370 461 2426; x_wconf 90' lang='lat' dir='ltr'>neque</span> <span class='ocrx_word' id='word_1_192' title='bbox 484 2349 642 2409; x_wconf 83' lang='lat' dir='ltr'>Beruensis</span> <span class='ocrx_word' id='word_1_193' title='bbox 671 2349 756 2424; x_wconf 88' lang='lat' dir='ltr'>eique</span> <span class='ocrx_word' id='word_1_194' title='bbox 780 2347 939 2407; x_wconf 88' lang='lat' dir='ltr'>confinium</span> <span class='ocrx_word' id='word_1_195' title='bbox 969 2367 1024 2424; x_wconf 91' lang='lat' dir='ltr'>ope</span> <span class='ocrx_word' id='word_1_196' title='bbox 1048 2348 1086 2406; x_wconf 89' lang='lat' dir='ltr'>ad</span> 
     </span>
     <span class='ocr_line' id='line_1_26' title="bbox 66 2437 1087 2520; baseline -0.005 -20"><span class='ocrx_word' id='word_1_197' title='bbox 66 2444 183 2500; x_wconf 84' lang='lat' dir='ltr'>textum</span> <span class='ocrx_word' id='word_1_198' title='bbox 206 2440 445 2498; x_wconf 89' lang='lat' dir='ltr'>constituendum</span> <span class='ocrx_word' id='word_1_199' title='bbox 469 2440 564 2498; x_wconf 91' lang='lat' dir='ltr'>careri</span> <span class='ocrx_word' id='word_1_200' title='bbox 581 2457 680 2520; x_wconf 88' lang='lat' dir='ltr'>posse:</span> <span class='ocrx_word' id='word_1_201' title='bbox 703 2439 794 2496; x_wconf 92' lang='lat' dir='ltr'>immo</span> <span class='ocrx_word' id='word_1_202' title='bbox 809 2437 855 2496; x_wconf 93' lang='lat' dir='ltr'>his</span> <span class='ocrx_word' id='word_1_203' title='bbox 870 2438 956 2513; x_wconf 90' lang='lat' dir='ltr'>quasi</span> <span class='ocrx_word' id='word_1_204' title='bbox 974 2438 1087 2513; x_wconf 89' lang='lat' dir='ltr'>duplici</span> 
     </span>
     <span class='ocr_line' id='line_1_27' title="bbox 67 2526 1086 2606; baseline -0.004 -18"><span class='ocrx_word' id='word_1_205' title='bbox 67 2529 263 2588; x_wconf 86' lang='lat' dir='ltr'>fundamento</span> <span class='ocrx_word' id='word_1_206' title='bbox 304 2529 425 2588; x_wconf 90' lang='lat' dir='ltr'>nitetur.</span> <span class='ocrx_word' id='word_1_207' title='bbox 472 2529 536 2606; x_wconf 82' lang='lat' dir='ltr'>Ego</span> <span class='ocrx_word' id='word_1_208' title='bbox 578 2531 677 2586; x_wconf 90' lang='lat' dir='ltr'>autem</span> <span class='ocrx_word' id='word_1_209' title='bbox 719 2526 911 2586; x_wconf 90' lang='lat' dir='ltr'>Ambrosiani</span> <span class='ocrx_word' id='word_1_210' title='bbox 951 2530 1086 2602; x_wconf 89' lang='lat' dir='ltr'>receptas</span> 
     </span>
     <span class='ocr_line' id='line_1_28' title="bbox 67 2615 1086 2694; baseline -0.003 -18"><span class='ocrx_word' id='word_1_211' title='bbox 67 2619 211 2678; x_wconf 86' lang='lat' dir='ltr'>lectiones</span> <span class='ocrx_word' id='word_1_212' title='bbox 233 2637 294 2676; x_wconf 93' lang='lat' dir='ltr'>non</span> <span class='ocrx_word' id='word_1_213' title='bbox 317 2637 385 2677; x_wconf 90' lang='lat' dir='ltr'>raro</span> <span class='ocrx_word' id='word_1_214' title='bbox 409 2620 517 2693; x_wconf 85' lang='lat' dir='ltr'>sprevi,</span> <span class='ocrx_word' id='word_1_215' title='bbox 554 2634 628 2694; x_wconf 89' lang='lat' dir='ltr'>quas</span> <span class='ocrx_word' id='word_1_216' title='bbox 651 2616 740 2675; x_wconf 90' lang='lat' dir='ltr'>nimis</span> <span class='ocrx_word' id='word_1_217' title='bbox 770 2617 881 2692; x_wconf 86' lang='lat' dir='ltr'>politas</span> <span class='ocrx_word' id='word_1_218' title='bbox 910 2619 1001 2691; x_wconf 88' lang='lat' dir='ltr'>atque</span> <span class='ocrx_word' id='word_1_219' title='bbox 1029 2615 1086 2674; x_wconf 94' lang='lat' dir='ltr'>ele·</span> 
     </span>
     <span class='ocr_line' id='line_1_29' title="bbox 67 2702 1086 2786; baseline -0.002 -21"><span class='ocrx_word' id='word_1_220' title='bbox 67 2710 174 2786; x_wconf 84' lang='lat' dir='ltr'>gantos</span> <span class='ocrx_word' id='word_1_221' title='bbox 197 2707 311 2782; x_wconf 82' lang='lat' dir='ltr'>putari:</span> <span class='ocrx_word' id='word_1_222' title='bbox 336 2707 374 2766; x_wconf 89' lang='lat' dir='ltr'>ad</span> <span class='ocrx_word' id='word_1_223' title='bbox 397 2707 545 2766; x_wconf 88' lang='lat' dir='ltr'>familiam</span> <span class='ocrx_word' id='word_1_224' title='bbox 562 2702 600 2766; x_wconf 99' lang='grc' dir='ltr'>Β</span> <span class='ocrx_word' id='word_1_225' title='bbox 617 2705 701 2781; x_wconf 84' lang='lat' dir='ltr'>redii,</span> <span class='ocrx_word' id='word_1_226' title='bbox 725 2707 782 2765; x_wconf 88' lang='lat' dir='ltr'>etsi</span> <span class='ocrx_word' id='word_1_227' title='bbox 805 2724 882 2781; x_wconf 89' lang='lat' dir='ltr'>quae</span> <span class='ocrx_word' id='word_1_228' title='bbox 906 2705 1086 2778; x_wconf 90' lang='lat' dir='ltr'>continebat,</span> 
     </span>
     <span class='ocr_line' id='line_1_30' title="bbox 67 2793 1087 2871; baseline -0.003 -16"><span class='ocrx_word' id='word_1_229' title='bbox 67 2797 190 2856; x_wconf 88' lang='lat' dir='ltr'>duriora</span> <span class='ocrx_word' id='word_1_230' title='bbox 214 2799 244 2854; x_wconf 92' lang='lat' dir='ltr'>et</span> <span class='ocrx_word' id='word_1_231' title='bbox 267 2798 418 2871; x_wconf 91' lang='lat' dir='ltr'>asperiora</span> <span class='ocrx_word' id='word_1_232' title='bbox 440 2796 535 2855; x_wconf 84' lang='lat' dir='ltr'>rideri</span> <span class='ocrx_word' id='word_1_233' title='bbox 557 2798 709 2871; x_wconf 88' lang='lat' dir='ltr'>poterant:</span> <span class='ocrx_word' id='word_1_234' title='bbox 732 2795 825 2853; x_wconf 87' lang='lat' dir='ltr'>talem</span> <span class='ocrx_word' id='word_1_235' title='bbox 847 2794 922 2852; x_wconf 90' lang='lat' dir='ltr'>mihi</span> <span class='ocrx_word' id='word_1_236' title='bbox 944 2793 1087 2853; x_wconf 84' lang='lat' dir='ltr'>finxeram</span> 
     </span>
     <span class='ocr_line' id='line_1_31' title="bbox 67 2883 1086 2962; baseline -0.002 -18"><span class='ocrx_word' id='word_1_237' title='bbox 67 2885 249 2956; x_wconf 78' lang='lat' dir='ltr'>Quintiliani</span> <span class='ocrx_word' id='word_1_238' title='bbox 280 2885 443 2962; x_wconf 85' lang='lat' dir='ltr'>imaginem</span> <span class='ocrx_word' id='word_1_239' title='bbox 470 2885 599 2944; x_wconf 89' lang='lat' dir='ltr'>hominis</span> <span class='ocrx_word' id='word_1_240' title='bbox 627 2884 666 2944; x_wconf 89' lang='lat' dir='ltr'>ad</span> <span class='ocrx_word' id='word_1_241' title='bbox 698 2886 857 2959; x_wconf 90' lang='lat' dir='ltr'>antiquum</span> <span class='ocrx_word' id='word_1_242' title='bbox 885 2901 999 2942; x_wconf 92' lang='lat' dir='ltr'>morem</span> <span class='ocrx_word' id='word_1_243' title='bbox 1028 2883 1086 2942; x_wconf 86' lang='lat' dir='ltr'>Ro·</span> 
     </span>
     <span class='ocr_line' id='line_1_32' title="bbox 67 2972 1086 3050; baseline -0.005 -16"><span class='ocrx_word' id='word_1_244' title='bbox 67 2977 152 3034; x_wconf 92' lang='lat' dir='ltr'>mani</span> <span class='ocrx_word' id='word_1_245' title='bbox 175 2976 206 3033; x_wconf 90' lang='lat' dir='ltr'>et</span> <span class='ocrx_word' id='word_1_246' title='bbox 228 2975 316 3033; x_wconf 90' lang='lat' dir='ltr'>nimis</span> <span class='ocrx_word' id='word_1_247' title='bbox 347 2975 427 3033; x_wconf 89' lang='lat' dir='ltr'>levia</span> <span class='ocrx_word' id='word_1_248' title='bbox 454 2973 628 3050; x_wconf 88' lang='lat' dir='ltr'>spernentis.</span> <span class='ocrx_word' id='word_1_249' title='bbox 673 2973 751 3032; x_wconf 90' lang='lat' dir='ltr'>Item</span> <span class='ocrx_word' id='word_1_250' title='bbox 774 2973 805 3031; x_wconf 89' lang='lat' dir='ltr'>in</span> <span class='ocrx_word' id='word_1_251' title='bbox 832 2972 941 3032; x_wconf 87' lang='lat' dir='ltr'>finibus</span> <span class='ocrx_word' id='word_1_252' title='bbox 971 2975 1086 3031; x_wconf 91' lang='lat' dir='ltr'>senten·</span> 
     </span>
     <span class='ocr_line' id='line_1_33' title="bbox 67 3061 1086 3138; baseline -0.006 -14"><span class='ocrx_word' id='word_1_253' title='bbox 67 3067 181 3124; x_wconf 90' lang='lat' dir='ltr'>tiarum</span> <span class='ocrx_word' id='word_1_254' title='bbox 210 3064 236 3121; x_wconf 90' lang='lat' dir='ltr'>si</span> <span class='ocrx_word' id='word_1_255' title='bbox 264 3083 339 3138; x_wconf 93' lang='lat' dir='ltr'>quae</span> <span class='ocrx_word' id='word_1_256' title='bbox 368 3067 433 3122; x_wconf 90' lang='lat' dir='ltr'>erat</span> <span class='ocrx_word' id='word_1_257' title='bbox 466 3063 603 3122; x_wconf 89' lang='lat' dir='ltr'>lectionis</span> <span class='ocrx_word' id='word_1_258' title='bbox 630 3063 769 3136; x_wconf 70' lang='lat' dir='ltr'>varietas</span> <span class='ocrx_word' id='word_1_259' title='bbox 807 3061 1009 3121; x_wconf 89' lang='lat' dir='ltr'>clausularum</span> <span class='ocrx_word' id='word_1_260' title='bbox 1039 3062 1086 3120; x_wconf 85' lang='lat' dir='ltr'>lex</span> 
     </span>
     <span class='ocr_line' id='line_1_34' title="bbox 68 3148 1149 3228; baseline -0.007 -16"><span class='ocrx_word' id='word_1_261' title='bbox 68 3158 159 3228; x_wconf 88' lang='lat' dir='ltr'>atque</span> <span class='ocrx_word' id='word_1_262' title='bbox 188 3152 370 3211; x_wconf 89' lang='lat' dir='ltr'>consuetudo</span> <span class='ocrx_word' id='word_1_263' title='bbox 399 3154 518 3228; x_wconf 90' lang='lat' dir='ltr'>saepius</span> <span class='ocrx_word' id='word_1_264' title='bbox 548 3152 743 3211; x_wconf 86' lang='lat' dir='ltr'>traditionem</span> <span class='ocrx_word' id='word_1_265' title='bbox 769 3148 806 3212; x_wconf 96' lang='grc' dir='ltr'>Β</span> <span class='ocrx_word' id='word_1_266' title='bbox 833 3170 924 3225; x_wconf 91' lang='lat' dir='ltr'>quam</span> <span class='ocrx_word' id='word_1_267' title='bbox 947 3148 984 3210; x_wconf 84' lang='lat' dir='ltr'><strong><em>A</em></strong></span> <span class='ocrx_word' id='word_1_268' title='bbox 1008 3170 1084 3209; x_wconf 89' lang='lat' dir='ltr'>com·</span> <span class='ocrx_word' id='word_1_269' title='bbox 1148 3201 1149 3204; x_wconf 74' lang='grc'>,</span> 
     </span>
     <span class='ocr_line' id='line_1_35' title="bbox 69 3241 497 3301; baseline -0.002 0"><span class='ocrx_word' id='word_1_270' title='bbox 69 3241 211 3301; x_wconf 84' lang='lat' dir='ltr'>mendara</span> <span class='ocrx_word' id='word_1_271' title='bbox 234 3242 309 3300; x_wconf 90' lang='lat' dir='ltr'>mihi</span> <span class='ocrx_word' id='word_1_272' title='bbox 331 3242 497 3301; x_wconf 86' lang='lat' dir='ltr'>videbatur.</span> 
     </span>
    </p>

    <p class='ocr_par' dir='ltr' id='par_1_4' title="bbox 67 3328 1122 3586">
     <span class='ocr_line' id='line_1_36' title="bbox 135 3328 1085 3405; baseline -0.003 -17"><span class='ocrx_word' id='word_1_273' title='bbox 135 3331 217 3389; x_wconf 90' lang='lat' dir='ltr'>Haec</span> <span class='ocrx_word' id='word_1_274' title='bbox 242 3349 333 3404; x_wconf 90' lang='lat' dir='ltr'>quam</span> <span class='ocrx_word' id='word_1_275' title='bbox 363 3331 537 3390; x_wconf 86' lang='lat' dir='ltr'>brevissime</span> <span class='ocrx_word' id='word_1_276' title='bbox 560 3330 656 3405; x_wconf 91' lang='lat' dir='ltr'>potui,</span> <span class='ocrx_word' id='word_1_277' title='bbox 688 3329 819 3404; x_wconf 82' lang='lat' dir='ltr'>exposui.</span> <span class='ocrx_word' id='word_1_278' title='bbox 861 3328 1016 3387; x_wconf 80' lang='lat' dir='ltr'>Editiones</span> <span class='ocrx_word' id='word_1_279' title='bbox 1035 3328 1085 3386; x_wconf 90' lang='lat' dir='ltr'>ad-</span> 
     </span>
     <span class='ocr_line' id='line_1_37' title="bbox 67 3416 1085 3495; baseline -0.004 -17"><span class='ocrx_word' id='word_1_280' title='bbox 67 3419 153 3478; x_wconf 88' lang='lat' dir='ltr'>hibui</span> <span class='ocrx_word' id='word_1_281' title='bbox 185 3437 261 3495; x_wconf 90' lang='lat' dir='ltr'>quae</span> <span class='ocrx_word' id='word_1_282' title='bbox 289 3420 327 3478; x_wconf 93' lang='lat' dir='ltr'>ad</span> <span class='ocrx_word' id='word_1_283' title='bbox 355 3439 477 3478; x_wconf 89' lang='lat' dir='ltr'>manum</span> <span class='ocrx_word' id='word_1_284' title='bbox 509 3420 595 3477; x_wconf 89' lang='lat' dir='ltr'>erant</span> <span class='ocrx_word' id='word_1_285' title='bbox 621 3419 813 3476; x_wconf 87' lang='lat' dir='ltr'>recentiores:</span> <span class='ocrx_word' id='word_1_286' title='bbox 842 3416 973 3491; x_wconf 81' lang='lat' dir='ltr'>Gesneri,</span> <span class='ocrx_word' id='word_1_287' title='bbox 1001 3416 1085 3492; x_wconf 82' lang='lat' dir='ltr'>Spal-</span> 
     </span>
     <span class='ocr_line' id='line_1_38' title="bbox 67 3502 1122 3586; baseline -0.001 -18"><span class='ocrx_word' id='word_1_288' title='bbox 67 3509 167 3586; x_wconf 86' lang='lat' dir='ltr'>dingi,</span> <span class='ocrx_word' id='word_1_289' title='bbox 223 3507 396 3584; x_wconf 82' lang='lat' dir='ltr'>Gemhardi,</span> <span class='ocrx_word' id='word_1_290' title='bbox 443 3507 663 3584; x_wconf 85' lang='lat' dir='ltr'>Lueaemanni,</span> <span class='ocrx_word' id='word_1_291' title='bbox 703 3505 748 3568; x_wconf 74' lang='lat' dir='ltr'>ll.</span> <span class='ocrx_word' id='word_1_292' title='bbox 778 3506 917 3585; x_wconf 59' lang='lat' dir='ltr'>blaseii,</span> <span class='ocrx_word' id='word_1_293' title='bbox 953 3502 1122 3575; x_wconf 57' lang='lat' dir='ltr'>‘numptius</span> 
     </span>
    </p>
   </div>
   <div class='ocr_carea' id='block_1_3' title="bbox 0 0 1234 3854">
    <p class='ocr_par' dir='ltr' id='par_1_5' title="bbox 0 0 1234 3854">
     <span class='ocr_line' id='line_1_39' title="bbox 0 0 1234 3854; baseline 0 0"><span class='ocrx_word' id='word_1_294' title='bbox 0 0 1234 3854; x_wconf 95' lang='lat' dir='ltr'> </span> 
     </span>
    </p>
   </div>
  </div>
 </body>
</html>
