2460 3854
438 145 472 199 Π.
493 152 517 213 r,
537 151 615 200 2—5.
635 151 659 213 a,
680 151 775 199 1-11.
1071 144 1112 209 91

91 318 132 372 ut
167 314 193 372 si
222 313 288 390 quis
319 315 488 390 palaestrae
519 315 643 390 peritus,
676 332 742 373 cum
774 315 806 371 in
839 314 962 390 aliquod
993 314 1114 389 plenum

92 405 200 479 pueris
232 405 421 481 gymnasium
448 405 577 478 venerit,
609 407 746 479 expertus
778 422 881 461 eorum
913 403 994 461 omni
1025 402 1113 461 modo

93 511 207 568 corpus
231 495 423 566 animumque
447 492 605 566 discernat,
628 493 676 551 cui
700 491 825 567 quisque
849 492 1005 550 certamini
1028 510 1114 568 prae·

94 581 251 658 parandus
275 581 324 655 sit,
347 581 391 640 ita
414 584 637 658 praeceptorem
660 581 857 655 eloquentiae,
881 600 947 640 cum
966 582 1116 658 sagaciter
1147 586 1166 643 4

66 671 192 729 afuerit
223 671 365 745 intuitus,
393 672 478 730 cuius
506 672 659 747 ingenium
686 688 787 747 presso
816 670 980 746 limatoque
1008 689 1114 746 genere

97 758 227 833 dicendi,
255 761 338 819 cuius
367 760 438 832 acri,
466 761 561 836 gravi,
594 759 682 833 dulci,
714 777 829 835 aspero,
861 759 969 835 nitide,
999 758 1114 818 urbano

96 849 229 907 maxime
252 849 390 926 gaudeat,
412 849 458 908 ita
480 867 511 908 se
535 848 791 907 commodaturum
814 848 948 926 singrnis,
967 850 1003 906 ut
1025 849 1056 905 in
1071 866 1114 922 eo,
1148 855 1165 910 ὅ

98 957 158 1012 quo
182 938 309 1013 quisque
332 939 452 1011 eminet,
474 938 666 1013 provehatur,
690 937 769 1011 quod
793 939 823 995 et
846 937 950 996 adiuta
973 955 1044 995 eura
1062 955 1114 995 na·

96 1029 169 1085 tura
192 1026 289 1103 magis
312 1027 461 1086 evalescat
484 1029 523 1102 et,
545 1027 598 1103 qui
620 1027 652 1083 in
676 1026 793 1084 diversa
811 1025 945 1100 ducatur,
968 1045 1063 1102 neque
1082 1027 1114 1082 in

59 1135 84 1174 ro
97 1116 146 1188 iis,
170 1115 399 1192 quibuaminus
423 1118 512 1191 aptus
536 1118 590 1190 est,
618 1116 692 1174 satis
710 1116 807 1190 possit
830 1113 944 1173 efficere
968 1117 998 1172 et
1020 1134 1064 1190 ea,
1082 1115 1113 1172 in

97 1223 176 1280 quae
200 1207 289 1262 natus
308 1204 435 1279 videtur,
459 1205 619 1264 deserendo
637 1205 731 1263 faciat
749 1203 922 1261 infirmiora.
946 1202 1025 1278 quod
1039 1203 1115 1260 mihi
1149 1209 1167 1264 6

97 1288 209 1374 (libera
242 1295 320 1352 enim
353 1295 401 1353 rel
433 1297 537 1352 contra
564 1295 699 1369 receptas
731 1292 936 1368 persuasiones
967 1292 1115 1350 rationem

97 1382 236 1458 sequenti
258 1383 407 1442 sententia
429 1375 488 1464 est)
511 1383 544 1440 in
566 1386 652 1458 parte
675 1401 777 1441 verum
801 1381 931 1440 videtur:
954 1400 1024 1440 nam
1047 1400 1115 1456 pro·

96 1473 244 1547 prietates
267 1471 454 1550 ingeniorum
478 1471 622 1546 dispicere
644 1489 765 1547 prorsus
784 1469 983 1529 necessarium
1006 1473 1059 1528 est.
1082 1472 1115 1528 in
1151 1477 1166 1530 7

64 1580 83 1620 o
96 1562 144 1620 his
164 1579 282 1637 quoque
302 1563 415 1619 certum
433 1561 601 1620 studiorum
619 1561 716 1619 facere
735 1560 877 1618 dilectum
895 1578 982 1618 nemo
1002 1559 1114 1619 dissua-

96 1648 179 1709 serit.
203 1668 332 1726 namque
351 1652 410 1708 erit
427 1651 504 1709 alius
518 1649 660 1709 historiae
675 1649 771 1727 magis
789 1648 921 1723 idoneus,
940 1649 1017 1708 alius
1036 1667 1114 1707 com·

95 1741 215 1815 positus
239 1739 277 1797 ad
300 1756 427 1815 carmen,
457 1740 534 1798 alius
562 1739 646 1798 utilis
674 1739 772 1798 studio
800 1738 888 1812 iuris,
915 1740 950 1796 ut
979 1738 1115 1797 nonnulli

95 1846 147 1886 rus
172 1829 299 1887 fortasse
322 1828 470 1887 mittendi.
493 1829 537 1888 sic
559 1828 707 1886 discernet
724 1828 797 1886 haec
825 1827 943 1886 dicendi
961 1829 1114 1903 magister,

96 1916 248 1992 quomodo
280 1918 476 1993 palaestricus
508 1919 560 1976 ille
592 1936 741 1976 cursorem
773 1917 864 1975 faciet
896 1920 949 1975 aut
980 1917 1114 1992 pugilem

55 2008 152 2066 aeaut
176 2005 352 2064 luctatorem
381 2006 499 2065 aliudve
528 2007 600 2083 quid
628 2008 732 2079 exiis,
763 2024 839 2080 quae
867 2007 937 2063 sunt
964 2023 1115 2064 sacrorum

95 2096 303 2153 certaminum.
327 2115 430 2154 verum
454 2096 490 2170 ei,
514 2095 564 2170 qui
587 2095 652 2154 foro
672 2094 878 2168 destinabitur,
901 2112 961 2152 non
979 2094 1011 2150 in
1024 2112 1116 2151 unam
1148 2101 1166 2155 8

94 2186 217 2260 partem
246 2184 387 2260 aliquam,
418 2185 469 2243 sed
496 2184 527 2242 in
561 2185 669 2259 omnia,
702 2202 779 2258 quae
811 2186 881 2242 suut
912 2183 975 2241 eius
1008 2184 1115 2259 operia,

95 2275 192 2332 etiam
215 2274 240 2332 si
264 2292 324 2349 qua
347 2273 516 2333 difficiliora
539 2273 665 2333 discenti
687 2272 875 2347 videbuntur,
903 2272 1116 2330 elaborandum

96 2364 158 2434 est3
182 2381 251 2420 nam
275 2365 306 2421 et
328 2365 448 2422 omnino
472 2381 657 2439 supervacua
684 2374 749 2420 erat
778 2362 925 2435 doctrina,
954 2363 980 2419 si
1006 2363 1115 2419 natura

54 2472 81 2512 es
97 2450 257 2510 sufficeret.
282 2470 320 2509 an
349 2453 374 2510 si
403 2454 469 2526 quis
501 2453 622 2530 ingenio
651 2454 809 2526 corruptus
842 2468 876 2508 ac
907 2450 1049 2525 tumidus,
1081 2452 1117 2508 ut
1149 2459 1168 2512 9

96 2541 235 2616 plerique
260 2545 337 2615 sunt,
360 2541 507 2616 inciderit,
530 2543 562 2599 in
580 2542 637 2599 hoc
655 2561 721 2598 eum
741 2542 785 2598 ire
804 2537 974 2614 patiemur?
998 2540 1115 2598 aridum

97 2632 192 2704 atque
215 2630 348 2688 ieiunum
375 2649 435 2688 non
464 2631 576 2689 alemus
609 2633 639 2687 et
671 2632 757 2705 quasi
784 2627 964 2688 vestiemus?
991 2649 1061 2688 narn
1090 2631 1116 2686 si

97 2718 249 2794 quaedam
273 2719 428 2778 detrahere
452 2721 651 2778 necessarium
679 2722 736 2794 est,
764 2736 817 2777 cur
844 2738 903 2776 non
931 2720 972 2776 sit
1001 2717 1115 2776 adicere

98 2805 293 2866 concessum?
321 2828 416 2883 neque
441 2827 495 2885 ego
519 2811 623 2867 contra
646 2811 785 2866 naturam
807 2826 922 2884 pugno:
949 2826 1007 2865 non
1037 2807 1116 2864 enim
1131 2815 1169 2870 10

53 2919 82 2959 so
98 2897 294 2955 deserendum
321 2897 353 2954 id
381 2898 503 2973 honum,
532 2899 558 2957 si
586 2898 665 2973 quod
692 2899 859 2975 ingenitum
888 2898 941 2971 est,
970 2898 1116 2970 existim0,

98 2985 152 3044 sed
176 2986 345 3063 augendum
368 2986 593 3062 addendumque
617 2987 696 3062 quod
720 2989 822 3046 cessat.
847 3005 885 3044 an
899 3006 969 3045 vero
988 2985 1115 3044 clarissi-
1131 2993 1167 3047 11

97 3093 166 3134 mus
190 3075 241 3133 ille
264 3079 441 3151 praeceptor
464 3077 618 3150 Isocrates,
642 3096 729 3151 quem
753 3096 811 3135 non
835 3075 931 3152 magis
954 3074 1024 3132 libri
1041 3075 1115 3132 bene

98 3164 211 3223 dixisse
241 3185 331 3240 quam
362 3166 503 3242 discipuli
530 3167 603 3224 bene
632 3165 765 3226 docuisse
793 3166 954 3237 testantur,
983 3183 1049 3222 cum
1080 3162 1116 3221 de

99 3254 224 3328 Ephoro
248 3256 337 3329 atque
369 3255 561 3332 Theopompo
591 3255 632 3312 sic
661 3256 817 3331 iudicaret,
848 3256 882 3310 ut
905 3252 992 3311 alteri
1015 3253 1116 3325 frenis,

173 3466 190 3513 4
209 3463 376 3530 praeceptor
394 3471 416 3512 Α
490 3465 505 3512 9
526 3461 561 3523 et,
582 3458 640 3528 qui]
662 3458 715 3512 etsi
735 3458 773 3512 1³²
856 3463 888 3511 10
908 3464 933 3512 et
951 3463 985 3510 20
1003 3457 1048 3509 his
1067 3466 1118 3509 AB

172 3537 206 3583 15
221 3531 358 3584 delectum
376 3541 431 3584 ΑΡ
501 3536 536 3585 30
556 3529 746 3587 deserendum
764 3530 800 3587 A‘l
