2460 3854
505 141 526 196 1.
556 147 580 208 5,
601 148 697 197 5-1e.
807 105 849 161 ¹⁹⁵
865 86 897 125 ”b
1070 145 1113 210 29

88 310 222 372 barbare
258 311 376 371 locutus
413 311 609 370 existimatur.
656 313 780 370 tertium
818 315 863 371 est
897 313 974 372 illud
1005 315 1115 373 vitium
1130 316 1168 371 1o

88 399 284 480 barbarismi,
307 401 390 460 cuius
413 400 549 475 exempla
571 402 662 478 vulgo
686 403 756 459 sunt
778 402 917 477 plurima,
942 402 1000 462 sibi
1023 404 1115 463 etiam

93 491 222 567 quisque
246 489 356 567 fingere
379 492 487 564 potest,
509 492 545 548 ut
567 489 666 564 verbo,
690 491 740 548 cui
762 490 875 565 libebit,
900 491 1011 551 adiciat
1034 494 1115 551 litte-

91 599 162 638 16111
194 578 379 654 syllabamve
416 578 465 637 vel
501 577 642 637 debehat
673 582 726 637 aut
758 581 849 637 aliam
882 598 936 655 pro
970 582 1031 640 alia
1064 584 1117 640 aut

64 668 223 730 seandem
253 667 313 726 alio
344 686 435 744 quam
464 669 580 726 rectum
609 670 654 726 est
681 669 745 726 loco
773 673 875 742 ponat.
917 668 970 728 sed
993 669 1115 745 quidam
1130 674 1167 728 11

92 758 157 817 fere
180 758 214 814 in
235 757 430 816 iactationem
449 756 624 816 eruditionis
644 774 759 815 sumere
777 758 832 816 illa
851 777 885 817 ex
903 761 1000 832 poetis
1019 760 1117 818 solent

95 850 126 906 et
158 848 307 919 1111616166,
338 864 413 921 quos
442 847 633 922 praelegunt,
664 845 867 905 criminantur.
910 849 984 906 scire
1016 852 1116 906 autem

95 936 185 994 debet
216 954 303 1010 puer,
335 935 408 993 baec
442 934 520 1009 apud
553 935 713 1010 scriptores
747 935 912 1008 carminum
944 940 998 994 aut
1028 940 1117 996 venia

95 1024 189 1102 digna
213 1026 265 1082 aut
289 1025 381 1082 etiam
402 1022 491 1082 laude
515 1023 593 1098 duci,
621 1025 782 1100 potiusque
804 1024 858 1106 illa
882 1024 1007 1083 docendi
1030 1029 1117 1084 amnt
1182 1032 1204 1073 N

53 1136 80 1176 io
94 1116 196 1172 minus
226 1113 359 1189 vulgata.
401 1132 472 1171 nam
500 1112 574 1171 duos
603 1115 637 1171 in
663 1133 723 1172 uno
751 1114 870 1173 nomine
897 1114 1028 1173 faciebat
1049 1114 1169 1175 bar-12

94 1203 243 1262 barismos
276 1202 373 1278 Tinga
405 1202 606 1276 Placentinus,
639 1204 665 1260 si
696 1203 924 1277 reprehendenti
955 1203 1116 1262 Hortensio

96 1290 254 1365 credimus,
279 1286 452 1366 ‘preculam'
472 1311 527 1365 pro
552 1287 700 1368 ‘pergula’
726 1291 834 1366 dicens,
857 1295 888 1352 et
909 1293 1117 1366 inmutatione,

96 1399 167 1439 cum
193 1399 209 1438 6
238 1398 292 1455 pro
322 1401 342 1458 g
370 1383 512 1454 uteretur,
546 1385 576 1440 61
605 1382 865 1456 transmutatione,
898 1400 964 1439 cum
991 1403 1007 1439 r
1033 1401 1117 1456 prae·

95 1472 222 1545 poneret
244 1468 440 1529 antecedenti.
478 1473 510 1528 at
532 1470 564 1527 in
588 1468 690 1528 eadem
713 1472 781 1528 vitii
803 1471 1005 1548 geminatione
1031 1467 1117 1529 ‘Met-

54 1581 80 1622 15
94 1559 177 1619 tioeo
210 1554 377 1617 Fufetioao’
412 1557 512 1617 dicens
544 1558 659 1618 Ennius
693 1560 811 1634 poetico
843 1561 908 1617 iure
941 1559 1116 1619 defenditur.
1166 1632 1169 1641 Ι

96 1647 206 1708 sedin
228 1666 317 1722 prosa
341 1667 461 1723 quoque
483 1651 528 1706 cst
551 1648 698 1723 quaedam
720 1648 780 1707 iam
804 1652 924 1723 recepta
946 1650 1117 1708 inmutatio.
1132 1654 1171 1710 ls

95 1757 169 1796 nam
198 1735 300 1795 Cicero
325 1731 550 1813 ‘Canopitarum
578 1732 750 1795 exercitum'
775 1737 861 1815 dicit,
888 1739 948 1813 ipsi
977 1737 1117 1797 Canobon

96 1828 216 1898 vocant,
240 1829 271 1884 et
290 1821 551 1885 ‘Trasumennum'
570 1844 625 1903 pro
645 1826 847 1886 Tarsumenno
866 1827 955 1886 multi
974 1829 1118 1900 auctores,

97 1914 218 1974 etiamsi
248 1917 293 1974 est
321 1917 354 1973 in
384 1934 418 1974 eo
449 1917 671 1989 transmutatio,
702 1915 938 1974 vindicaverunt.
980 1916 1119 1974 similiter

54 2027 83 2067 so
98 2005 174 2064 alia:
210 2021 282 2062 nam
311 2003 373 2062 sive
403 2006 448 2062 est
480 1999 663 2079 ‘adsentior',
695 2003 820 2063 Sisenna
851 2005 927 2062 dixit
958 2000 1116 2063 ‘adsentio’

96 2093 247 2167 multique
278 2096 308 2151 et
337 2092 415 2151 hunc
445 2095 476 2150 et
505 2094 667 2170 analogian
697 2096 799 2166 secuti,
829 2095 893 2153 sive
915 2093 992 2152 illud
1015 2113 1119 2152 verum

97 2184 153 2258 est,
184 2182 258 2241 haec
280 2200 398 2258 quoque
421 2200 492 2259 pars
516 2199 660 2241 consensu
683 2181 864 2241 defenditur:
895 2185 928 2241 at
950 2183 1003 2241 ille
1025 2201 1118 2258 pexus
1133 2186 1172 2244 14

97 2273 281 2348 pinguisque
300 2270 404 2330 doctor
419 2273 472 2330 aut
484 2272 548 2328 illic
563 2270 778 2329 detractionem
792 2274 846 2330 aut
859 2272 908 2330 hic
922 2271 1119 2330 adiectionem

97 2360 228 2437 putabit.
271 2360 344 2436 quid
371 2360 451 2436 quod
474 2359 629 2435 quaedam,
658 2379 735 2435 quae
758 2360 877 2437 singula
899 2361 1004 2436 procul
1028 2360 1118 2420 dubio
1187 2363 1189 2367 ’

56 2473 83 2513 16
98 2449 211 2510 vitiosa
234 2451 312 2523 sunt,
335 2449 438 2508 iuncta
461 2450 524 2508 sine
547 2449 775 2524 reprehensione
799 2448 959 2508 dicuntur?
994 2470 1065 2509 nam
1089 2454 1119 2509 et
1133 2455 1171 2510 15

100 2533 185 2598 ‘dua'
217 2540 247 2597 et
278 2533 345 2596 ‘tre'
379 2531 504 2616 [pondo]
535 2538 720 2598 diversorum
747 2558 888 2615 generum
916 2541 986 2597 sunt
1012 2538 1119 2598 barba-

96 2629 200 2703 rismi,
237 2629 270 2686 at
302 2623 483 2703 ‘duapondo'
518 2631 559 2686 et
580 2621 748 2703 ‘trepondo’
781 2647 875 2705 usque
912 2628 951 2687 ad
986 2631 1120 2687 nostram

99 2719 232 2776 aetatem
264 2716 301 2775 ab
333 2716 471 2776 omnibus
503 2716 618 2774 dictum
650 2720 704 2792 est,
736 2720 766 2776 et
794 2720 873 2776 recte
903 2716 963 2776 dici
989 2717 1120 2777 Messala

99 2805 265 2866 confirmat.
290 2805 451 2865 absurdum
473 2807 601 2865 forsitan
619 2806 759 2865 videatur
777 2807 875 2865 dicere
892 2806 1119 2883 barbarismum,
1133 2814 1172 2869 15

57 2917 85 2958 so
100 2894 184 2972 quod
207 2898 252 2954 est
274 2897 363 2964 unius
385 2894 470 2953 verbi
488 2897 604 2968 vitium,
628 2895 690 2955 fieri
710 2916 763 2971 per
781 2914 920 2954 numeros
939 2899 991 2954 aut
1010 2915 1119 2972 genera

100 2985 182 3045 sicut
213 2984 432 3043 soloecismum:
471 2979 575 3044 ‘scala’
608 2987 710 3043 tamen
747 2987 777 3042 at
810 2980 922 3060 ‘scopa'
956 2988 1119 3060 contraque

100 3097 316 3104 ——.-.-—--

175 3160 209 3207 15
229 3155 300 3206 Ann.
322 3159 372 3206 116
392 3152 474 3208 vahl.
494 3185 529 3196 ἢ
549 3160 581 3208 11
601 3154 655 3225 frg.
675 3155 709 3209 K
725 3160 758 3207 15
780 3155 822 3208 M.

100 3266 316 3274 -ῂ

175 3320 208 3368 14
227 3314 432 3369 eantecedenti
447 3317 559 3371 Badius
596 3321 701 3370 14-15
721 3314 1119 3370 etiaofufetioaoflmettioeo

100 3389 131 3441 et
149 3384 287 3440 furetioeo
303 3385 413 3454 'partim
440 3389 471 3441 ic
493 3405 541 3441 rus
558 3397 582 3439 A
604 3388 708 3442 metieo
733 3388 791 3455 (scd
809 3388 822 3439 t
841 3388 873 3440 ic
889 3391 949 3452 ros)
974 3385 1119 3441 suffectieo

100 3467 129 3512 Ρ
145 3457 326 3526 Mettocoque
345 3457 491 3512 Fufetioeo
511 3458 637 3524 Skutsch,
660 3459 713 3512 olii
736 3459 795 3512 alio
868 3462 901 3511 25
925 3473 991 3510 nam
1015 3458 1071 3511 dua
1094 3468 1123 3511 Ρ

175 3535 208 3582 26
224 3529 321 3596 pondo
338 3539 394 3584 Ab:
414 3531 443 3583 61
460 3528 555 3598 pondo
575 3538 629 3585 BP
646 3529 690 3586 dcl
710 3529 849 3603 Spaldiuq
925 3576 928 3580 i

461 3764 601 3800 ..nh
