2460 3854
413 137 461 192 111.
480 144 506 206 9,
525 143 639 192 99-99.
973 139 1036 204 157

37 326 118 382 osse3
143 307 237 366 etiam
259 307 347 366 credo
366 307 529 382 aliquando
548 306 690 383 dubitari,
713 328 772 385 quo
791 311 874 368 statu
892 310 933 368 sit
951 309 1035 368 uten-
1050 308 1090 363 99

36 418 96 471 nm,
111 414 182 455 cnm
196 395 338 456 adversus
356 415 449 455 unam
465 396 663 456 intentionem
680 399 769 473 plura
787 400 987 474 opponuntur,
1006 401 1037 458 91

36 488 95 546 icut
108 487 143 544 in
162 487 261 544 colore
279 485 389 545 dicitnr
406 486 588 545 narrationis
607 505 674 545 eum
692 505 755 546 esse
773 489 928 563 optimum,
948 506 1036 562 quem

36 579 101 635 ator
134 576 247 650 optime
278 577 411 649 tueatur,
442 576 488 633 ita
516 575 566 634 hic
598 594 717 650 quoqne
749 595 835 652 posse
868 576 936 649 dici,
968 595 1036 634 eum

36 667 135 723 tatum
159 682 223 722 esse
244 663 424 738 faciendum,
446 664 478 721 in
502 683 563 738 quo
581 664 692 723 tuendo
711 666 877 741 plurimum
895 664 1035 723 adhibere

36 756 128 812 irium
152 752 248 827 possit
271 754 385 828 orator3
412 753 539 828 ideoque
567 773 621 830 pro
648 754 760 813 Milone
788 753 873 814 aliud
901 752 1036 812 Ciceroni
1051 761 1090 817 99

37 844 125 920 genti
142 844 266 917 placuit,
290 841 373 900 alind
391 842 495 915 Bruto,
518 861 583 901 cnm
604 843 825 902 exercitationis
843 845 943 921 gratia
957 861 1035 901 com·

36 933 145 990 oneret
168 932 343 1005 orationem,
370 950 438 990 oum
465 931 518 990 ille
548 932 614 991 iure
645 934 800 1007 tamquam
830 931 1036 992 insidiatorem

36 1021 151 1080 coisum
174 1023 204 1079 et
226 1022 328 1079 tamen
351 1039 410 1078 non
432 1019 554 1080 Milonis
577 1022 702 1080 consilio
725 1021 842 1096 dixerit,
869 1021 921 1080 ille
944 1023 1036 1079 etiam

36 1111 169 1169 ¹loriatus
193 1110 233 1167 sit
256 1110 351 1168 occiso
374 1109 455 1167 malo
483 1110 560 1168 cire:
589 1111 622 1167 in
649 1111 814 1171 coniunctis
847 1128 918 1168 vero
949 1128 1036 1185 posse
1050 1116 1089 1171 94

36 1217 94 1258 ,999
119 1201 150 1258 91
172 1200 228 1257 1919
250 1199 388 1273 inveniri,
411 1197 460 1257 vel
478 1199 620 1272 diversos,
643 1201 678 1257 ut
696 1200 722 1258 si
740 1201 806 1274 quis
826 1199 910 1257 aliud
929 1217 960 1257 se
976 1217 1036 1258 non

36 1290 134 1363 ecisse,
159 1287 243 1346 aliud
264 1290 345 1346 recte
368 1287 473 1348 fecisse
496 1287 646 1360 defendat,
677 1289 726 1347 vel
755 1288 871 1365 generis
895 1288 1036 1361 eiusdem,

36 1378 104 1436 ,191
135 1379 202 1451 quis
230 1375 289 1435 duo
317 1377 443 1436 crimina
468 1377 519 1436 vel
551 1379 651 1435 omnia
682 1380 780 1454 neget.
813 1377 893 1452 qnod
926 1377 1036 1436 accidit
1050 1384 1089 1438 95

36 1468 122 1540 tiam,
146 1466 172 1524 si
195 1464 231 1523 de
254 1485 315 1524 una
337 1485 370 1525 re
392 1470 555 1540 quaeratur
578 1467 688 1542 aliqua,
712 1467 763 1525 sed
782 1485 849 1525 eam
866 1467 966 1541 plures
985 1485 1036 1542 pe·

36 1558 96 1630 ent,
120 1556 169 1614 vel
192 1555 296 1614 eodem
318 1555 392 1629 iure,
415 1556 450 1612 ut
466 1554 677 1630 proximitatis,
700 1557 748 1614 vel
767 1555 893 1629 diverso,
915 1558 951 1613 ut
968 1575 1036 1615 cum

36 1647 69 1703 ic
92 1646 281 1718 testamento,
311 1643 363 1702 ille
390 1645 583 1719 proximitate
610 1645 732 1702 nitetur.
766 1647 903 1720 quotiens
936 1646 1035 1703 eutem

36 1733 105 1791 liud
128 1733 183 1792 alii
205 1732 328 1808 petitori
351 1734 522 1808 opponitur,
546 1732 700 1791 dissimilis
724 1752 787 1792 esse
806 1737 903 1792 status
917 1751 1035 1792 necesse

36 1827 73 1897 91,
97 1825 133 1880 ut
154 1823 187 1879 in
210 1821 264 1879 illa
287 1823 501 1881 controversia:
526 1817 718 1880 ‘testamenta
734 1821 850 1899 legibus
868 1822 950 1881 facta
967 1824 1088 1884 991996

36 1914 95 1970 int:
119 1908 332 1969 intestatorum
349 1912 520 1985 parentium
538 1910 626 1968 liberi
644 1911 766 1971 heredes
786 1913 858 1970 sint:
878 1911 1035 1970 abdicatus

36 2019 55 2058 ‚e
81 1999 154 2075 quid
177 1998 213 2058 (19
236 1999 321 2058 bonis
350 2001 446 2075 patris
476 2000 590 2076 capiat:
622 2002 732 2060 nothus
765 2003 834 2059 ante
866 2000 1036 2076 legitimum

36 2093 109 2148 atus
132 2089 285 2166 legitimus
307 2087 387 2147 filius
416 2089 464 2162 sit,
496 2091 565 2164 post
592 2088 764 2166 legitimum
795 2092 884 2148 natus
916 2091 1036 2148 tantum

35 2181 108 2238 ivis:
131 2178 164 2235 in
188 2177 378 2252 adoptionem
402 2177 600 2236 dereliceat:
627 2179 660 2236 in
683 2178 873 2253 adoptionem
897 2178 967 2236 dato
991 2197 1035 2236 ro·
1051 2185 1086 2239 97

36 2271 83 2327 199
108 2269 142 2325 in
164 2267 312 2325 familiam
334 2267 432 2342 liceat,
456 2268 483 2325 si
504 2267 591 2341 pater
613 2267 759 2326 naturalis
783 2269 846 2326 sine
865 2267 967 2326 liberis
986 2266 1034 2324 de-

36 2356 150 2416 esserit.
195 2357 248 2431 qui
270 2374 306 2415 ex
328 2354 444 2414 duobus
466 2355 611 2433 legitimis
634 2357 762 2414 alterum
784 2359 817 2414 in
845 2356 1036 2432 adoptionem

36 2446 152 2520 ederat,
185 2445 313 2504 alterum
342 2443 543 2518 abdicaverat,
574 2445 697 2504 sustulit
725 2446 864 2504 nothum:
895 2445 1035 2505 instituto

36 2533 127 2594 ‚erede
146 2533 284 2592 abdicato
301 2533 434 2592 decessit.
457 2537 519 2594 tres
542 2553 643 2593 omnes
666 2534 702 2593 de
725 2534 810 2594 bonis
830 2530 1034 2593 contendunt'.

36 2625 154 2698 othum,
178 2624 231 2698 qui
248 2642 308 2682 non
326 2624 366 2681 sit
383 2623 544 2702 legitimus,
568 2623 673 2683 Graeci
691 2626 808 2699 vocant,
831 2623 973 2682 Latinum
992 2623 1036 2681 rei

36 2732 138 2786 omen,
161 2715 197 2769 ut
220 2711 294 2771 Cato
318 2730 435 2788 quoqne
457 2714 489 2771 in
514 2716 648 2773 oratione
673 2713 801 2789 quadam
825 2715 954 2771 testatus
982 2714 1035 2786 ost,

36 2822 78 2862 on
102 2800 254 2877 habemus,
277 2801 403 2877 ideoque
425 2804 540 2861 utimur
562 2807 733 2879 peregrin03
765 2803 816 2861 sed
840 2801 879 2860 ad
900 2803 1035 2877 proposi-

36 2913 93 2952 um.
118 2890 220 2949 heredi
243 2892 354 2967 scripto
378 2894 540 2967 opponitur
561 2892 609 2950 lex
634 2889 803 2952 ‘abdicatus
832 2911 870 2950 ne
899 2891 972 2967 qnid
1000 2890 1035 2950 de
1050 2900 1088 2954 98

37 2982 105 3041 onis
129 2979 225 3055 patris
248 2975 373 3056 capiat':
403 2980 439 3039 fit
468 2983 564 3040 status
595 2981 699 3058 scripti
727 2983 757 3039 et
788 2980 963 3055 voluntatis,
997 2999 1035 3037 an

38 3071 82 3130 llo
106 3069 194 3128 modo
218 3087 322 3144 capere
341 3071 445 3145 possit,
468 3089 507 3128 an
531 3088 566 3127 ex
583 3071 739 3129 voluntate
762 3069 867 3145 patris,
890 3088 929 3127 an
951 3070 1035 3127 heres

36 3161 158 3235 criptua
191 3159 281 3217 notho
306 3160 415 3234 duplex
437 3159 471 3217 fit
501 3161 645 3234 quaestio,
675 3159 755 3235 quod
784 3162 853 3234 post
884 3158 1035 3234 legitimos

39 3251 110 3308 atus
134 3249 182 3322 sit,
206 3251 236 3306 et
259 3248 338 3323 quod
365 3267 425 3307 non
454 3250 494 3308 sit
524 3250 593 3306 ante
625 3248 793 3326 legitimum
823 3250 920 3306 natus.
953 3249 1036 3323 prior
1050 3256 1087 3309 99

92 3388 108 3435 9
128 3381 175 3435 hio
194 3383 281 3435 etiam
300 3392 327 3435 Ρ
417 3388 449 3435 13
469 3382 513 3436 vel
532 3381 626 3435 omnia
649 3397 692 3436 om
710 3391 734 3433 Δ
827 3386 860 3434 19
883 3381 992 3433 nitatur
1011 3390 1038 3433 Ρ

36 3454 126 3578 191ιέ91
140 3458 289 3592 amisa}
294 3453 395 3522 patriis
413 3454 501 3509 Halm
519 3455 566 3509 aed
583 3452 674 3522 patris
692 3459 785 3508 tactor
809 3453 880 3520 th
899 3457 959 3520 394,
980 3458 1003 3504 2.
1019 3459 1034 3505 6
