2460 3854
25 40 41 443 l
377 105 744 175 mmmmma
1006 109 1070 173 m

10 283 26 320 is·
88 272 194 348 tincas,
225 275 339 334 velut
367 275 421 334 alii
442 279 560 350 vocant,
592 276 868 335 firmamentum.
902 279 1071 353 quaestio

10 373 22 409 ὲ
87 358 155 420 latius
174 363 361 442 intellegitur
383 366 488 439 omnis,
512 365 548 424 de
572 384 633 440 qua
654 367 686 422 in
709 368 1005 441 utramquepartem
1023 368 1071 426 vel

10 445 28 533 εξ
86 448 204 525 icplures
218 452 279 512 dici
292 453 475 513 credibiliter
492 456 600 530 potest
623 456 655 511 in
673 453 808 513 iudiciali
826 459 927 514 autem
944 458 1071 514 materia

10 538 25 587 :l
85 535 218 614 dupliciter
235 541 407 616 accipienda
426 546 485 601 est:
508 544 603 601 altero
622 543 719 617 modo,
739 562 797 619 quo
817 544 941 602 dicimus
959 545 1071 603 multas
1090 545 1108 601 2

10 640 16 676 .-
65 632 248 701 squacstiones
288 630 397 689 habere
434 632 681 706 controversiam,
717 650 776 707 quo
813 633 905 691 etiarn
942 634 1071 692 minores

10 743 12 747 ⁷
83 720 156 779 onnis
191 719 423 795 complectimur,
459 721 562 790 altero,
596 740 654 796 quo
686 721 888 799 significamus
925 740 1072 780 summam

10 832 12 837 ·
81 803 206 882 illumin
230 826 291 884 qua
315 827 405 868 causa
426 811 562 868 vertitur.
587 809 622 867 de
645 810 702 868 hac
720 828 799 868 nunc
817 811 932 885 loquor,
956 830 991 869 ex
1011 829 1072 886 qua

79 899 192 957 nacitur
214 900 323 974 status,
346 917 384 957 an
407 898 520 957 factum
543 899 592 971 sit,
617 898 688 974 quid
711 899 824 958 factum
848 900 901 977 sit,
929 918 967 957 an
990 903 1071 959 recte

12 1024 22 1057 ,
76 981 175 1045 factum
197 987 245 1046 sit.
269 987 324 1045 has
346 986 547 1064 Hermagoras
571 991 601 1046 et
618 987 819 1062 Apollodorus
838 988 936 1047 etalii
950 989 1072 1063 plurimi
1092 991 1111 1044 3

49 1076 217 1152 ascriptores
249 1078 370 1151 proprie
402 1077 635 1151 quaestiones
673 1081 795 1151 vocant,
828 1078 1009 1151 Theodorus,
1037 1080 1073 1135 ut

73 1162 130 1241 diri,
152 1165 276 1240 capita
299 1165 500 1242 generalia,
528 1168 606 1224 sicut
627 1165 695 1224 illas
718 1166 847 1225 minores
871 1170 924 1224 aut
952 1166 1072 1224 exiliis

70 1254 220 1326 pendentes
243 1255 433 1329 specialia:
464 1274 534 1312 nam
558 1258 589 1313 et
611 1255 814 1330 quaestionem
839 1274 874 1314 ex
898 1257 1072 1331 quaestione

10 1406 13 1411 ,
68 1344 140 1402 nasci
163 1346 194 1402 et
217 1345 346 1418 speciem
368 1344 400 1401 in
430 1345 543 1418 species
570 1343 666 1402 dividi
697 1345 842 1405 convenit.
874 1345 952 1403 hanc
978 1345 1110 1421 igitur4

10 1422 14 1455 ²
67 1433 265 1507 quaestionem
301 1432 395 1490 veluti
431 1433 629 1508 principalem
667 1436 777 1492 vocant
808 1432 930 1510 ζήτημα.
976 1434 1073 1492 ratio

34 1524 158 1580 nantem
182 1524 237 1595 est,
260 1540 320 1597 qua
343 1521 382 1595 id,
415 1523 493 1597 quod
516 1523 629 1580 factum
653 1540 715 1581 esse
739 1525 865 1596 constat,
896 1523 1071 1581 defenditur.

63 1614 89 1670 et
120 1629 173 1670 cur
206 1629 267 1669 non
297 1613 418 1668 utamur
450 1610 561 1683 eodem,
593 1629 652 1686 quo
685 1614 756 1670 sunt
791 1611 837 1670 usi
869 1631 970 1670 omnes
1002 1613 1073 1685 fere,

61 1697 213 1776 exemplo?
244 1697 364 1758 Orestes
387 1702 513 1758 matrem
537 1701 658 1760 occidit:
694 1701 750 1759 hoc
773 1703 898 1759 constat.
937 1701 1009 1759 dicit
1042 1720 1072 1758 se

60 1792 137 1848 iuste
160 1789 280 1847 fecisse:
304 1791 401 1848 status
425 1790 483 1847 erit
505 1790 670 1865 qualitatis,
694 1791 839 1864 quaestio,
867 1809 907 1847 an
929 1792 1007 1849 iuste
1032 1791 1073 1847 fe-

60 1880 144 1952 cerit,
177 1879 271 1951 ratio,
303 1878 383 1952 quod
416 1876 632 1954 Clytaemestra
658 1878 799 1936 maritum
828 1898 926 1953 suum,
956 1881 1074 1954 patrem

22 1966 183 2041 soCrestis,
207 1966 329 2031 occidit:
353 1967 408 2026 hoc
432 1966 526 2026 αἴτιον
550 1968 667 2040 dicitur,
697 1965 872 2044 κρινόμενον
901 1971 1001 2025 autem
1028 1969 1073 2024 in·

59 2057 179 2132 dicatio,
203 2074 243 2115 an
266 2058 432 2131 oportuerit
453 2057 502 2115 vel
524 2059 679 2114 nocentem
701 2060 828 2114 matrem
852 2055 950 2114 afilio
970 2056 1073 2115 occidi.

59 2146 182 2222 quidam
201 2145 367 2204 diviserunt
385 2144 480 2204 αἴτιον
504 2148 534 2203 et
552 2144 656 2219 αἰτίαν,
679 2147 715 2202 ut
733 2148 810 2203 esset
828 2146 932 2221 altera,
951 2148 1074 2221 propter
1092 2154 1110 2208 5

58 2254 150 2311 quam
174 2234 318 2294 iudicium
341 2237 538 2293 constitutum
568 2237 626 2306 est,
657 2237 692 2292 ut
724 2234 821 2293 occisa
849 2233 1074 2310 Clytaemestra,

60 2327 164 2398 altera,
190 2342 249 2398 qua
271 2324 386 2382 factum
404 2323 581 2397 defenditur,
604 2326 639 2381 ut
657 2325 770 2382 occisus
784 2324 999 2401 Agamemnon.
1023 2324 1074 2382 sed

25 2416 146 2473 retenta
170 2416 217 2472 est
238 2414 318 2472 circa
340 2412 432 2472 verba
455 2413 609 2486 dissensio,
632 2415 667 2471 ut
689 2413 743 2481 alii
765 2412 863 2471 αἰτίαν
887 2432 1006 2471 causam
1028 2416 1074 2471 iu-

59 2504 138 2577 dicii,
163 2501 258 2560 αἴτιον
281 2505 381 2560 autem
403 2502 478 2560 facti
499 2506 615 2574 vocent,
639 2501 694 2560 alii
716 2502 818 2561 eadem
840 2504 873 2561 in
892 2505 1075 2562 contrarium

59 2594 188 2651 vertant.
211 2589 388 2649 Latinorum
413 2591 535 2666 quidam
558 2593 631 2649 haec
653 2591 803 2650 initium
836 2595 866 2649 et
895 2594 1073 2650 rationem

59 2682 254 2753 vocaverunt,
286 2680 408 2755 quidam
439 2683 600 2755 utrumque
628 2681 731 2739 eodem
762 2681 880 2739 nomine
909 2681 1072 2756 appellant.

60 2788 149 2829 causa
170 2788 286 2845 quoque
305 2788 341 2827 ex
359 2788 459 2843 causa,
473 2769 504 2826 id
519 2773 564 2828 est
578 2769 673 2829 αἴτιον
687 2768 716 2840 ἐξ
732 2769 836 2835 αἰτίον,
851 2772 934 2828 nasci
947 2771 1073 2845 videtur,
1093 2780 1112 2833 6

25 2859 149 2934 aequale
173 2861 231 2916 est:
259 2857 366 2917 occidit
388 2859 643 2936 Agamemnonem
668 2859 897 2935 Clytaemestra,
924 2862 996 2934 quia
1023 2860 1075 2917 ille

59 2949 154 3007 filiam
178 2966 362 3006 communem
384 2947 595 3007 immolaverat
622 2950 653 3006 et
675 2950 826 3024 captivam
855 2949 1000 3024 paelicem
1023 2948 1074 3006 ad-

61 3037 196 3096 ducebat.
227 3035 306 3094 idem
329 3040 440 3112 putant
464 3040 494 3095 et
517 3037 570 3095 sub
594 3055 654 3094 una
678 3039 851 3112 quaestione
879 3056 942 3096 esse
973 3037 1075 3112 plures

60 3128 200 3199 rationes,
230 3128 266 3183 ut
288 3127 315 3184 si
338 3124 456 3186 Orestes
481 3129 511 3184 et
534 3127 661 3184 alteram
684 3125 800 3185 adferat
823 3145 943 3185 causam
970 3128 1075 3183 matris

61 3218 194 3289 necatae,
226 3214 306 3290 quod
328 3215 477 3291 responsis
501 3217 541 3273 sit
563 3215 711 3290 inpulsus:
743 3217 816 3290 quot
843 3218 944 3274 autem
971 3232 1075 3273 causas

26 3304 199 3378 olfaciendi,
221 3304 348 3362 totidem
370 3303 579 3377 iudicationem
603 3322 673 3361 nam
696 3307 726 3362 et
748 3305 821 3363 haec
845 3304 902 3362 erit
923 3303 1076 3378 iudicatio,

133 3497 149 3546 a
169 3491 260 3545 omnis
278 3508 329 3559 res,
351 3492 386 3547 de
405 3506 463 3559 qua
481 3490 618 3566 Spalding

890 3581 946 3638 m*
