2460 3854
490 125 523 180 v.
544 129 587 192 10,
606 130 720 180 se-ro.
1043 122 1110 189 263

48 339 50 344 .
110 295 248 354 exordium
279 293 397 370 pnllnm
419 288 559 369 videam’,
590 298 620 353 et
651 297 768 354 contra:
801 288 872 354 ‘non
896 294 1109 354 dominationis

48 412 50 445 e
109 402 184 444 causa
208 384 326 443 Sullam
349 402 432 442 arma
455 386 625 460 sumpsisse,
653 387 863 462 argumentum
886 386 931 443 est
959 383 1109 443 dictatura

108 467 250 548 deposita'.
275 473 414 532 similiter
437 491 472 531 ex
494 475 676 533 incremento
694 474 726 531 in
741 476 1036 548 utramquepartem
1054 473 1107 532 du·
1124 473 1161 529 72

107 562 171 621 citur
188 563 268 621 ratio
289 581 354 621 cum
373 562 404 619 in
424 564 602 636 coniectura,
624 566 690 621 tum
705 564 795 621 etiam
809 565 842 620 in
860 565 993 621 tractatu
1007 565 1107 637 aequi·

60 670 64 677 ·
89 654 174 726 statis,
198 670 236 711 an
261 651 300 709 ad
321 650 442 709 initium
465 670 581 712 summa
603 652 759 710 referenda
786 653 839 726 sit,
866 651 899 708 id
927 655 984 725 est,
1012 671 1051 710 an
1080 653 1108 709 ei

105 741 197 800 caedes
220 740 399 817 imputanda
422 742 471 815 sit,
494 760 513 799 a
536 759 595 817 quo
617 743 750 818 iurgium
773 740 879 817 coepit.

160 831 483 908 Estargumentorum
505 831 587 890 locus
610 848 646 888 ex
668 829 831 888 similibus:
862 825 900 887 ‘si
923 829 1107 888 continentia
1124 832 1161 888 78

102 919 195 994 virtus,
219 918 326 994 utique
340 921 371 976 et
393 918 587 978 abstinentia:
611 921 637 978 si
659 918 749 977 fidem
772 918 860 977 debet
877 922 968 992 tutor,
992 921 1022 976 et
1039 937 1107 996 pro·

103 1003 232 1068 curator'.
257 1008 314 1066 hoe
337 1010 383 1066 ost
406 1026 441 1065 ex
464 1027 498 1069 eo
521 1027 637 1086 genere,
661 1007 743 1084 quod
756 1004 912 1087 ἐπαγωγόν
932 1005 1038 1066 Graeci
1058 1027 1108 1067 vo-

77 1102 171 1171 reoant,
195 1096 299 1156 Cicero
322 1096 533 1157 inductionem.
557 1116 592 1156 ex
615 1097 823 1158 dissimilibus:
848 1092 919 1156 ‘non
942 1097 967 1156 si
990 1097 1108 1156 laetitia

101 1184 212 1260 bonum,
236 1188 268 1245 et
289 1186 443 1263 voluptas:
465 1207 526 1247 non
549 1187 631 1263 quod
653 1187 780 1261 mulieri,
803 1185 882 1244 idem
906 1181 1043 1260 pupillo'.
1073 1204 1107 1243 ex

100 1275 263 1334 contrariis:
297 1271 467 1353 ‘frugalitas
499 1276 624 1350 bonum,
656 1277 775 1333 luxuria
808 1277 887 1332 enim
920 1274 1049 1332 malum:
1082 1276 1107 1333 si

99 1366 240 1423 malonem
263 1382 353 1423 causa
374 1363 486 1423 bellum
509 1368 563 1439 est,
586 1365 643 1424 erit
662 1365 831 1422 emendatio
848 1383 921 1440 pax:
944 1365 971 1422 si
989 1363 1108 1421 veniam

99 1456 222 1512 meretur
246 1455 299 1528 qui
320 1454 481 1528 inprudens
505 1452 615 1529 nocuit,
638 1473 700 1513 non
722 1457 853 1511 meretur
874 1453 1041 1528 praemium
1056 1454 1108 1527 qui

71 1560 88 1600 n
99 1541 252 1618 inprudens
271 1539 406 1617 profuit'.
430 1543 705 1620 expugnantibus:
730 1538 793 1617 ‘qui
817 1544 861 1601 est
884 1543 1011 1616 sapiens,
1035 1543 1107 1600 stul·
1125 1541 1162 1598 74

61 1666 64 1672 -
97 1634 139 1690 tus
162 1651 223 1691 non
247 1626 312 1690 est'.
336 1650 371 1689 ex
394 1633 640 1708 consequentibus
664 1631 726 1692 sive
750 1632 913 1690 adiunctis:
937 1626 974 1689 ‘si
993 1633 1038 1689 est
1056 1631 1106 1689 bo·

99 1740 163 1779 num
185 1721 312 1797 iustitia,
335 1725 414 1780 recte
428 1720 629 1795 iudicandum,
652 1724 677 1781 si
696 1721 809 1779 malum
828 1720 962 1795 perfidia,
986 1723 1109 1780 nonest

98 1805 285 1869 fallendum':
314 1810 394 1868 idem
416 1813 505 1869 retro.
534 1829 588 1868 nec
620 1813 691 1869 sunt
721 1812 767 1868 his
795 1809 953 1868 dissimilia
981 1809 1107 1884 ideoque

98 1897 160 1958 huic
184 1900 250 1959 loco
275 1899 457 1974 subicienda,
485 1919 552 1958 cnm
576 1902 695 1976 etipsa
722 1899 901 1957 naturaliter
929 1902 1107 1975 congruant:

69 1983 185 2064 ee‘quod
208 1989 276 2063 quis
304 2007 364 2047 non
390 1989 506 2062 habuit,
538 2008 598 2047 non
626 1988 771 2065 perdidit:
804 2005 892 2063 quem
926 1989 991 2061 quis
1016 1990 1107 2063 amat,

97 2079 186 2137 sciens
209 2096 271 2136 non
293 2078 400 2136 laedit:
428 2097 517 2154 quem
541 2078 606 2152 quis
630 2078 767 2136 heredem
796 2096 883 2135 suum
911 2094 973 2134 esse
1001 2077 1108 2150 voluit,

96 2185 194 2227 carum
216 2166 332 2241 habuit,
359 2167 457 2243 habet,
484 2163 627 2226 habebit’.
661 2167 712 2226 sed
740 2186 808 2225 cum
839 2167 901 2224 sint
927 2165 1108 2240 indubitata,

94 2259 152 2314 vim
174 2256 286 2314 habent
308 2275 402 2330 paene
425 2257 577 2334 signorum
599 2257 832 2315 inmutabilium.
861 2256 912 2313 sed
939 2254 1011 2312 haec
1038 2273 1106 2312 con·
1124 2256 1160 2311 75

95 2347 247 2421 sequentia
270 2344 345 2420 dico,
369 2342 523 2404 ἀκόλουθα
547 2338 606 2428 (est
630 2349 709 2404 enim
733 2363 913 2420 consequens
942 2343 1106 2420 sapientiae

63 2425 235 2515 esbonitas),
257 2434 312 2493 illa
334 2435 535 2510 insequentia,
563 2435 765 2516 παρεπόμενα,
795 2454 870 2510 quae
894 2437 998 2509 postea
1026 2433 1107 2493 facta

92 2527 161 2582 sunt
184 2527 237 2582 aut
260 2523 370 2582 futura.
393 2543 447 2583 nec
461 2544 527 2583 sum
545 2525 580 2583 de
599 2527 768 2585 nominibus
783 2526 901 2597 anxius3
924 2526 1010 2582 vocet
1028 2524 1107 2581 enim

91 2616 125 2672 ut
153 2612 282 2672 voluerit
310 2614 444 2689 quisque,
477 2614 546 2673 dum
574 2617 619 2674 vis
646 2635 745 2674 rerum
777 2616 844 2690 ipsa
876 2613 1036 2671 manifesta
1068 2614 1108 2671 sit

91 2705 296 2778 appareatque
318 2704 375 2761 hoc
397 2705 549 2779 temporis,
572 2705 648 2761 illud
672 2722 734 2762 esse
757 2707 891 2761 naturae.
920 2704 1023 2777 itaque
1046 2721 1107 2760 non
1123 2702 1160 2756 76

91 2791 195 2850 dubito
223 2791 296 2850 haec
324 2811 441 2867 quoque
471 2789 620 2869 <vocare>
649 2793 872 2866 consequentia,
906 2792 1042 2866 quamvis
1071 2810 1106 2848 ex

54 2899 78 2938 eo
91 2880 242 2956 prioribus
265 2880 337 2939 dent
360 2886 569 2959 argumentum
588 2881 627 2939 ad
645 2900 689 2955 ea,
713 2899 787 2955 quae
808 2883 955 2955 secuntur,
980 2898 1107 2954 quorum

164 3109 178 3157 7
199 3103 229 3157 cf
246 3102 300 3159 Cic.
321 3104 389 3174 Top.
411 3110 453 3171 10,
473 3111 507 3158 42
527 3136 561 3144 -
582 3109 615 3158 10
634 3103 672 3157 ib.
693 3106 721 3157 et
739 3103 781 3156 De
800 3103 856 3158 inv.
876 3110 900 3169 1,
920 3109 952 3156 31

162 3301 228 3356 tin
245 3304 525 3371 utramquepartem
543 3318 585 3355 om
604 3311 626 3352 A
682 3299 744 3352 bei
763 3316 805 3352 om
823 3308 847 3350 A
902 3297 1062 3367 deceperit
1081 3308 1108 3351 Ρ

162 3373 295 3441 Sutiqus
314 3390 357 3426 oue
375 3382 398 3425 A
485 3378 518 3426 10
537 3389 571 3426 ex
590 3390 634 3426 om
652 3381 674 3424 A
762 3374 795 3423 18
814 3369 883 3424 item
902 3380 930 3423 Ρ
1000 3375 1034 3422 23
1053 3369 1106 3422 im-

89 3443 271 3499 mutabilium
289 3443 369 3498 Aea.-
387 3444 635 3498 innumerabilium
699 3447 733 3495 25
751 3440 933 3511 παρεπόμενα
956 3441 1107 3494 Victorius:

89 3531 279 3586 paregomena
351 3520 384 3567 26
405 3517 455 3568 aut
472 3524 537 3570 BP:
557 3531 590 3570 ac
609 3525 631 3568 A
722 3518 756 3567 29
774 3528 874 3567 vocare
893 3512 950 3566 add
968 3511 1107 3584 Spalding
