2460 3854
495 139 543 194 IV.
564 147 588 208 1,
609 145 721 194 15-27.
1055 140 1118 206 189

104 310 251 384 corruptis
275 311 505 382 accusationem,
529 312 559 367 61
581 309 612 367 id
636 309 758 384 quidem
780 311 813 367 in
832 309 954 368 consilio
974 310 1119 385 ampliore

102 401 266 473 utcumque
291 400 387 456 tutius
411 389 496 478 (nam
524 401 554 456 et
575 398 650 456 mali
678 398 853 457 inhibentur
885 401 915 456 et
945 397 1017 457 boni
1046 417 1118 476 guu-

103 479 198 567 deut),
226 487 306 561 apud
329 487 462 564 singulos
485 506 555 546 vcro
578 506 742 562 numquam
769 488 926 560 suaserim,
954 487 1013 546 nisi
1040 487 1118 546 defe-

103 578 199 635 cerint
221 577 330 633 omnia.
355 576 434 652 quod
458 577 484 634 si
507 577 666 635 necessitas
689 578 796 654 exiget,
825 595 886 635 non
909 578 967 635 erit
993 578 1054 635 iam
1082 575 1171 634 61122

77 669 167 726 carte
187 666 328 739 oratoria,
351 684 411 724 non
434 666 531 741 magis
555 684 645 740 quam
668 666 829 740 appellare,
853 665 971 723 etiamsi
993 666 1025 723 id
1045 685 1116 740 quo·

101 773 159 828 que
201 773 289 829 saepe
323 755 397 812 utile
434 757 491 829 est,
531 761 585 812 aut
625 757 785 829 antequam
816 757 998 829 pronuntiet,
1034 773 1117 813 reum

101 843 213 917 facere3
237 862 307 900 nam
330 845 360 901 et
382 842 491 901 minari
515 847 545 901 et
567 843 681 902 deferre
700 843 791 901 etiam
809 862 869 901 non
888 847 990 903 orator
1008 846 1116 917 potest.

169 930 204 990 Si
226 949 318 990 eausa
340 931 519 991 conciliandi
541 932 626 991 nobis
650 932 757 991 iudicis
780 932 936 990 materiam
960 932 1052 1009 dabit,
1081 930 1170 990 61123

100 1021 158 1079 hac
181 1022 371 1096 potissimum
394 1021 497 1096 aliqua
525 1022 557 1079 in
586 1040 675 1080 usum
701 1021 856 1097 principii,
885 1039 961 1095 quae
988 1023 1117 1079 maxime

61 1133 88 1172 ro
101 1109 283 1168 favorabilia
305 1109 494 1184 videbuntur,
517 1110 634 1186 decerpi
654 1109 812 1186 oportebit.
837 1112 942 1185 quoin
960 1111 1026 1170 loco
1044 1109 1117 1169 Ver-

101 1201 202 1278 ginius
225 1199 350 1274 fallitur,
375 1201 428 1274 qui
452 1199 607 1258 Theodoro
631 1200 748 1273 placere
765 1199 869 1274 tradit,
892 1202 928 1257 ut
942 1217 977 1257 611
991 1200 1116 1276 singulis

101 1288 329 1363 quaestionibus
359 1287 469 1364 singuli
506 1307 608 1347 sensus
638 1291 670 1346 in
702 1289 887 1363 prooemium
917 1288 1116 1347 conferantur.

100 1397 173 1436 nam
194 1377 246 1435 ille
269 1395 329 1435 non
352 1377 408 1436 hoc
431 1377 514 1452 dicit,
546 1378 597 1436 sed
620 1378 658 1435 ad
681 1377 904 1452 potentissimas
928 1378 1116 1453 quaestiones
1131 1376 1170 1431 24

99 1466 230 1525 iudicem
252 1465 506 1541 praeparandum:
537 1466 569 1524 in
597 1485 656 1541 quo
683 1467 753 1525 vitii
783 1467 859 1524 nihil
892 1470 965 1540 erat,
997 1466 1055 1524 nisi
1084 1468 1116 1524 in

61 1579 86 1619 11
100 1558 274 1615 universum
296 1554 329 1613 id
351 1557 545 1631 praeciperet,
569 1555 648 1630 quod
666 1574 720 1614 nec
739 1556 834 1614 omnis
849 1555 987 1631 quaestio
1001 1558 1117 1632 patitur

99 1663 154 1703 nec
178 1647 275 1703 omnis
298 1661 388 1702 causa
410 1643 568 1704 desiderat.
592 1664 662 1702 nam
685 1647 822 1720 protinus
837 1647 996 1720 apetitore
1019 1648 1116 1719 primo

99 1735 176 1809 loco,
200 1732 271 1791 dum
293 1735 398 1811 ignota
420 1733 516 1792 iudici
537 1734 575 1792 lis
599 1736 652 1807 est,
680 1753 740 1808 quo
763 1734 852 1792 modo
875 1754 911 1791 er
934 1736 1116 1808 quaestioni-

100 1823 156 1881 bus
186 1823 327 1882 ducemus
357 1820 541 1882 sententias?
570 1825 712 1880 nimirum
746 1841 793 1881 res
823 1826 912 1881 erunt
938 1823 1116 1882 indicandae

100 1915 194 1987 prius.
219 1912 321 1969 demus
345 1911 462 1987 aliquas
486 1903 571 1992 (nam
593 1912 625 1968 id
649 1914 747 1988 exiget
769 1914 848 1971 ratio
866 1909 1115 1993 nonnumquam):

60 2025 86 2064 ao
99 2004 232 2060 etiamne
253 2002 475 2075 potentissimas
506 2003 611 2075 omnis,
642 2001 674 2059 id
703 2005 748 2060 est
774 2004 871 2060 totam
900 1999 1041 2059 causam?
1074 2003 1116 2059 sic

100 2093 158 2149 erit
179 2092 213 2148 in
236 2092 388 2166 prooemio
412 2093 534 2164 peracta
557 2093 700 2150 narratio
724 2090 796 2165 quid
819 2087 910 2148 vero?
939 2092 973 2164 si,
1001 2094 1035 2148 ut
1058 2090 1170 2148 116-25

99 2182 227 2255 quenter
250 2178 368 2253 accidit,
395 2180 487 2255 paulo
511 2182 556 2237 est
578 2179 681 2238 durior
704 2197 802 2253 causa,
830 2198 890 2237 non
913 2176 1115 2238 benivolentia

98 2269 208 2327 iudicis
231 2266 359 2343 petenda
383 2287 417 2326 er
441 2269 508 2326 aliis
531 2269 669 2343 partibus
692 2271 757 2346 erit,
786 2267 837 2326 sed
860 2287 920 2325 non
949 2271 1017 2326 ante
1046 2286 1115 2327 con-

100 2359 204 2417 ciliato
229 2359 293 2415 eius
317 2359 416 2416 animo
440 2356 520 2415 nuda
544 2361 754 2432 quaestionum
777 2360 981 2416 committetur
1004 2357 1114 2432 asperi-

60 2469 85 2509 16
98 2444 167 2505 tas?
192 2464 269 2521 quae
288 2448 411 2505 sirecte
429 2465 545 2522 semper
562 2449 650 2506 initio
670 2446 788 2506 dicendi
805 2450 1015 2521 tractarentur,
1038 2447 1115 2504 nihil

99 2537 253 2611 prooemio
291 2553 365 2611 opus
403 2539 488 2594 esset.
525 2536 627 2610 aliqua
665 2556 735 2612 ergo
767 2554 1000 2610 nonnumquam,
1038 2554 1115 2610 quac
1130 2535 1169 2591 26

100 2627 188 2683 enmt
220 2623 259 2682 ad
282 2623 500 2682 conciliandum
528 2625 614 2685 nobis
646 2627 775 2684 iudicem
804 2627 1022 2700 potentissima,
1054 2645 1115 2683 non

99 2714 250 2772 inutiliter
272 2715 394 2771 interim
417 2733 452 2772 ex
475 2715 700 2789 quaestionibus
723 2717 756 2772 in
779 2715 900 2773 exordio
928 2714 1113 2772 locabuntur.

99 2822 177 2878 quae
202 2804 263 2860 sint
285 2821 374 2877 porro
397 2805 430 2860 in
453 2806 551 2861 causis
574 2803 762 2876 favorabilia,
791 2822 963 2862 enumerare
986 2822 1045 2862 non
1070 2807 1115 2862 est

62 2914 86 2953 co
99 2910 227 2965 necesse,
251 2893 322 2966 quia
346 2895 375 2951 et
397 2893 558 2950 manifesta
582 2895 669 2950 erunt
692 2894 812 2967 cognita
835 2894 979 2967 cuiusque
997 2896 1113 2951 contro-

99 2983 216 3039 versiae
240 2980 413 3039 condicione
436 2984 466 3039 et
490 2983 590 3040 omnia
614 2981 717 3058 colligi
739 2982 770 3037 in
794 2984 880 3040 tanta
903 2981 1004 3039 litium
1017 2984 1114 3041 uarie-

99 3074 163 3130 tate
186 3089 247 3128 non
270 3073 402 3144 possunt.
433 3073 467 3128 ut
490 3072 591 3126 autem
613 3070 686 3127 haec
709 3071 841 3129 inuenire
865 3074 895 3128 61
919 3088 1039 3148 augere,
1070 3073 1114 3129 ita
1129 3070 1166 3124 27

99 3159 181 3234 quod
203 3158 306 3233 laedit,
337 3162 390 3218 aut
418 3161 538 3218 omnino
562 3158 704 3234 repellere
732 3162 785 3216 aut
813 3163 890 3217 certe
918 3161 1051 3218 minuere
1079 3179 1114 3218 611

99 3267 191 3307 eausa
206 3250 257 3306 est.
280 3250 433 3322 miseratio
448 3267 567 3323 quoque
586 3247 747 3321 aliquando
764 3245 802 3305 ’611
821 3248 923 3306 eadem
940 3250 1032 3323 uenit,
1051 3250 1114 3306 sive

170 3389 187 3435 4
207 3383 429 3452 exigitffl’c'tem
441 3386 472 3434 19
530 3386 563 3434 15
577 3397 629 3435 nec
644 3412 678 3419 -
693 3381 801 3448 patitur
815 3383 951 3450 capescit
965 3390 997 3446 P,
1013 3398 1056 3436 om
1067 3391 1117 3434 Μ’

98 3457 187 3510 Ambr
205 3454 231 3508 11
247 3458 251 3523 Ι
267 3453 396 3520 quaestio
416 3460 480 3505 AN:
500 3453 575 3506 actio
593 3460 715 3514 1522an
785 3458 817 3504 22
838 3451 934 3504 (1111161
951 3461 1012 3507 AP:
1031 3469 1074 3507 om
1087 3463 1116 3506 Β

171 3531 205 3578 30
225 3525 292 3593 quia
309 3525 393 3580 affl:
413 3539 486 3593 quae
505 3533 559 3577 ΒΡ
