2460 3854
501 123 548 178 IV.
568 129 593 192 a,
611 129 727 178 rs-ss.
1058 127 1124 191 209

124 311 182 366 mus,
203 311 263 351 uon
286 291 433 360 omnibus,
464 293 516 351 sed
538 293 574 350 de
599 293 706 368 quibus
735 295 902 368 quaeritur,
930 297 956 353 si
983 313 1124 370 personas

123 382 317 440 convenientes
340 383 387 455 iis,
411 400 489 456 quae
507 382 590 441 facta
608 382 689 440 credi
707 385 851 457 volemus,
874 387 1123 458 constituerimus,

123 471 148 527 ut
169 471 241 529 furti
267 490 354 528 reum
381 470 531 546 cupidum,
564 471 706 530 adulterii
737 471 939 546 libidinosum,
971 474 1124 532 homicidii

122 560 307 633 temerarium,
338 559 387 617 vel
416 559 462 617 his
490 562 650 634 contraria,
682 562 709 618 si
731 559 937 620 defendemus:
968 566 1125 638 praeterea

102 647 181 722 slooa,
202 652 341 724 tempora
364 652 395 705 et
418 649 538 707 similia.
563 651 609 707 est
631 652 732 709 autem
755 650 878 726 quidam
901 655 932 710 et
955 651 1060 711 ductus
1078 652 1122 711 rei
1137 652 1175 707 53

120 738 263 810 credibilis,
288 738 387 812 qualis
410 739 442 794 in
466 739 627 797 comoediis
651 739 743 796 etiam
767 740 852 798 etin
873 740 981 799 mimis.
1019 741 1122 817 aliqua

119 827 182 884 enim
204 827 387 885 naturaliter
409 830 549 885 secuntur
572 830 602 886 et
625 828 793 901 cohaerent,
816 833 860 901 ut,
883 829 909 886 si
927 832 1029 905 priora
1047 831 1122 888 bene

117 915 282 989 narraveris,
305 915 394 974 iudex
417 916 481 990 ipse
506 916 586 990 quod
608 919 713 991 postea
731 919 772 975 sis
788 922 963 976 narraturus
978 922 1121 994 expectet.

116 1023 144 1061 ne
163 1004 238 1063 illud
262 1004 385 1079 quidem
407 1005 500 1063 fuerit
521 1004 638 1079 inutile,
661 1008 776 1064 semina
799 1007 947 1081 quaedam
969 1009 1120 1084 probatio·
1137 1007 1175 1064 54

88 1108 173 1152 ioniam
197 1112 354 1172 spargere,
375 1113 480 1151 verum
502 1095 544 1152 sic
574 1098 609 1151 nt
636 1096 839 1153 narrationem
867 1114 930 1154 esse
954 1099 1121 1156 memineri-

113 1201 176 1257 mus,
203 1201 264 1240 non
287 1181 505 1259 probationem.
533 1201 757 1258 nonnumquam
785 1187 886 1243 tamen
914 1186 1006 1243 etiam
1034 1206 1121 1263 argu-

111 1275 201 1331 mento
240 1273 342 1347 aliquo
375 1271 616 1330 confirmabimus
656 1273 736 1347 quod
775 1277 1032 1348 proposuerimus,
1069 1276 1121 1334 sed

109 1361 230 1436 simplici
255 1364 286 1419 ot
307 1360 401 1434 brevi,
424 1364 459 1419 ut
480 1363 513 1418 in
532 1360 696 1420 veneficiis:
720 1380 810 1420 sanus
824 1362 910 1437 bibit,
934 1366 1038 1422 statim
1052 1383 1120 1423 con·

108 1451 181 1523 cidit,
206 1451 286 1509 livor
309 1469 344 1508 ac
365 1453 467 1508 tumor
491 1451 647 1508 confestim
671 1453 716 1508 est
738 1451 898 1510 insecutus.
926 1453 983 1511 hoo
1005 1454 1120 1512 faciunt
1135 1452 1173 1507 55

75 1554 95 1597 rs
106 1543 131 1598 et
152 1539 225 1598 illae
248 1541 504 1614 praeparationes,
528 1558 595 1597 curn
617 1558 686 1597 reus
709 1539 820 1598 dicitur
842 1541 995 1616 robustus,
1023 1561 1119 1600 arma·

105 1631 156 1703 tus,
179 1623 350 1705 (paratus)
379 1631 483 1686 contra
515 1627 657 1701 infirmos
690 1629 825 1705 inermes,
859 1649 985 1690 securos.
1019 1633 1119 1690 omnia

103 1717 236 1794 donique,
261 1735 338 1793 quae
361 1718 539 1792 probatione
553 1717 712 1776 tractaturi
731 1737 841 1791 sumus,
860 1739 1027 1794 personam,
1052 1741 1120 1779 cau-

102 1824 170 1882 sam,
195 1807 303 1879 locum,
327 1810 454 1881 tempus,
472 1808 713 1881 instrumentum,
734 1808 926 1884 occasionem,
946 1812 1118 1869 narratione

101 1895 306 1956 delibabimus.
341 1894 513 1970 aliquando,
546 1898 572 1954 si
603 1895 740 1954 destituti
771 1898 914 1956 fuerimus
937 1898 993 1972 his,
1027 1902 1118 1958 etiam
1133 1897 1171 1951 56

63 1985 261 2045 solatebimur
283 1985 334 2042 vix
358 2003 421 2043 esse
444 1983 594 2058 credibile,
618 1985 670 2043 sed
692 2005 805 2058 verum,
829 1989 859 2044 et
881 1987 936 2045 hoc
950 1990 1047 2047 mains
1065 1989 1117 2045 ha-

98 2074 227 2133 bendum
258 2074 367 2132 scelus:
396 2075 509 2132 nescire
541 2092 604 2148 nos,
638 2093 695 2149 quo
727 2074 815 2133 modo
848 2077 961 2134 factum
993 2079 1033 2135 sit
1066 2082 1118 2136 aut

98 2181 200 2239 quare,
217 2165 331 2235 mirari,
350 2162 403 2220 sed
424 2161 611 2238 probaturos
635 2165 766 2238 optimae
784 2183 854 2223 vero
873 2167 1117 2241 praeparationes
1132 2138 1210 2219 57

97 2255 194 2326 erunt,
227 2269 304 2327 quae
328 2251 480 2311 latuerint
504 2256 538 2310 ut
566 2271 584 2309 a
614 2251 753 2311 Cicerone
777 2257 847 2312 sunt
876 2254 996 2329 quidem
1019 2257 1116 2315 utilis-

97 2345 170 2400 sime
184 2341 341 2416 praedicta
354 2340 463 2414 omnia,
485 2361 539 2416 per
558 2360 633 2416 quae
652 2341 758 2399 Miloni
777 2341 907 2417 Clodius,
931 2363 991 2402 non
1012 2344 1115 2405 clodio

59 2450 83 2490 rs
96 2431 170 2490 Milo
193 2429 355 2489 insidiatus
378 2448 440 2489 esse
464 2430 614 2504 videatur,
642 2432 805 2506 plurimum
832 2436 934 2491 tamen
961 2435 1035 2492 facit
1062 2435 1116 2492 illa

96 2519 292 2578 callidissima
320 2519 522 2593 simplicitatis
555 2520 699 2579 imitatio:
735 2517 818 2580 ‘Milo
852 2526 960 2597 antem,
993 2542 1061 2582 cum
1083 2526 1116 2582 in

97 2611 205 2668 senatu
245 2607 352 2667 fuisset
393 2627 427 2667 eo
469 2608 532 2682 die,
579 2610 677 2684 quoad
719 2615 838 2669 senatus
881 2615 926 2670 est
967 2613 1115 2688 dimissus⁷

96 2698 219 2756 domurn
265 2698 361 2770 venit,
408 2699 520 2760 calceos
563 2702 593 2756 et
632 2699 811 2758 vestimenta
852 2703 996 2776 mutavit,
1041 2722 1115 2778 pan·

95 2788 203 2862 lisper,
234 2785 316 2847 ,dnm
357 2805 388 2845 so
429 2806 516 2860 uxor,
558 2791 591 2845 ut
631 2787 674 2861 fit,
711 2792 878 2863 comparat,
915 2797 1114 2852 commoratus

55 2898 81 2938 so
97 2871 162 2936 est'
210 2894 302 2950 quam
342 2875 418 2933 nihil
459 2876 617 2950 festinato,
664 2877 739 2934 nihil
784 2882 963 2953 praeparato
1009 2880 1113 2940 fecisse
1129 2880 1166 2934 58

95 2966 216 3024 videtur
243 2964 329 3023 Milo!
363 2965 443 3040 quod
471 2985 531 3023 non
563 2966 658 3024 solum
686 2967 773 3024 rebus
800 2968 873 3042 ipsis
901 2967 948 3026 vir
976 2970 1114 3045 eloquen-

95 3056 241 3128 tissimus,
273 3054 384 3129 quibus
413 3073 511 3113 moras
550 3059 579 3112 et
611 3056 726 3113 lentum
758 3057 951 3131 profectionis
980 3059 1114 3118 ordinem

168 3241 572 3311 ampmmmm

168 3438 249 3494 this
272 3438 470 3493 contrariari:
496 3442 593 3493 contra
616 3450 670 3493 BP
781 3447 814 3493 15
834 3443 991 3495 arramatus
1016 3453 1043 3495 Β

97 3517 131 3567 16
149 3513 267 3579 paratus
286 3510 344 3565 cdd
359 3512 454 3567 Petere
526 3517 558 3567 31
581 3512 665 3589 Milo]
681 3520 751 3587 pato
770 3511 867 3569 simile

141 3607 319 3654 ommam
333 3609 368 3649 ed,
381 3609 616 3661 Radermacher.
641 3622 664 3662 Ι.
945 3608 987 3657 Ἃ
