2438 3832
98 130 164 194 236
328 171 334 183 .
401 129 629 196 QVINTILIANI
645 129 736 185 INST.
756 130 813 185 OR.

99 299 139 357 ad
157 299 254 374 ipsam
274 317 394 358 causam
412 299 640 374 pertinentibus,
658 299 737 357 unde
756 301 848 358 etiam
866 319 974 359 nomen
994 300 1119 358 ductum

100 391 155 463 est,
178 389 282 464 qualia
304 391 337 445 in
360 387 560 464 Oppianicum
582 389 664 448 facta
687 388 826 447 dicuntur
849 391 880 448 et
903 409 921 447 a
944 391 1053 448 senatu
1067 390 1119 446 ad-

99 495 202 536 versus
225 477 382 536 Milonem:
413 481 465 536 aut
488 496 555 536 cum
579 477 614 536 de
639 478 742 536 cadem
770 495 860 537 causa
887 479 1119 553 pronuntiatum

101 571 155 640 est,
178 569 213 624 ut
235 568 267 623 in
289 568 348 625 reis
372 566 538 641 deportatis
563 570 593 625 et
616 566 784 625 adsertione
808 567 938 626 secunda
966 570 996 625 et
1024 569 1120 642 parti-

99 656 155 714 bus
179 655 452 729 centumviralium,
481 675 557 730 quae
584 658 616 712 in
649 655 723 714 duas
755 656 857 715 hastas
891 656 1006 714 divisae
1039 658 1118 714 sunt.
1141 676 1155 716 1

63 743 317 803 2confirmantur
348 747 508 820 praecipue
545 744 672 803 duobus:
705 747 884 804 auctoritate
916 764 1032 819 eorum,
1066 747 1121 819 qui

100 834 380 909 pronuntiaverunt,
404 836 433 892 et
456 832 651 891 similitudine
674 852 783 908 rerum,
810 833 977 915 desquibus
1001 836 1120 908 quaeri·

100 926 164 996 tur,
187 922 366 980 refelluntur
385 925 485 980 autem
503 941 571 980 raro
590 941 645 997 per
663 923 875 981 contumeliam
893 922 1040 980 iudicum:
1059 923 1121 980 nisi

101 1013 179 1069 forte
202 1011 363 1069 manifesta
376 1011 407 1068 in
426 1012 473 1070 his
492 1013 580 1086 culpa
603 1013 673 1084 crit3
697 1012 763 1070 vult
782 1013 860 1068 enim
876 1011 1120 1089 cognoscentium

102 1102 229 1175 quisque
247 1099 362 1158 firmam
383 1118 445 1159 esse
464 1100 588 1159 alterius
607 1102 796 1174 sententiam,
820 1103 850 1159 et
862 1101 928 1175 ipse
941 1101 1119 1175 pronuntia·
1135 1121 1155 1159 1(

101 1192 195 1263 turus,
218 1207 273 1247 nec
297 1189 424 1247 libenter
443 1190 619 1264 exemplum,
644 1189 722 1264 quod
740 1191 772 1247 in
791 1209 821 1248 se
845 1188 973 1248 sortasse
994 1189 1119 1263 recidat,

64 1279 185 1337 3facit.
210 1278 439 1354 confugiendum
463 1297 532 1356 ergo
563 1280 608 1337 est
636 1280 669 1335 in
701 1277 815 1337 duobus
848 1277 1061 1355 superioribus,
1095 1277 1121 1336 si

100 1385 147 1426 res
172 1368 256 1440 feret,
280 1367 317 1424 ad
342 1367 475 1440 aliquam
498 1367 773 1426 dissimilitudinem
796 1385 913 1440 causae,
942 1369 993 1424 vix
1017 1370 1121 1424 autem

101 1456 165 1513 ulla
188 1459 233 1514 est
255 1474 308 1530 per
332 1457 432 1513 omnia
456 1456 544 1514 alteri
567 1456 682 1514 similis.
707 1456 732 1513 si
754 1456 786 1513 id
809 1475 870 1515 non
893 1457 1048 1532 continget
1067 1458 1121 1514 aut

101 1543 204 1603 eadem
228 1563 318 1602 causa
342 1546 408 1617 erit,
432 1547 583 1604 actionum
605 1545 769 1603 incusanda
792 1545 983 1621 neglegentia
1006 1546 1061 1602 aut
1083 1544 1155 1605 (1111

101 1632 277 1691 infirmitate
300 1651 495 1708 personarum
519 1633 711 1708 querendum,
734 1636 838 1692 contra
863 1652 936 1708 quas
961 1633 1018 1691 erit
1042 1635 1120 1691 iudi·

102 1724 212 1794 catum,
237 1723 290 1780 aut
305 1722 340 1779 de
356 1723 463 1799 gratia,
482 1741 560 1797 quae
575 1724 665 1781 testes
684 1724 858 1797 corruperit,
877 1724 931 1780 aut
949 1722 985 1781 dc
1003 1722 1122 1780 invidia

103 1814 156 1869 aut
193 1810 228 1868 de
261 1810 445 1888 ignorantia,
480 1815 533 1869 aut
569 1810 730 1869 videndum
767 1810 839 1885 quid
876 1829 982 1869 causae
1014 1814 1122 1886 postea

66 1899 271 1958 luccesserit.
296 1918 422 1975 quorum
446 1901 471 1957 si
494 1900 571 1958 nihil
594 1900 659 1974 erit,
682 1901 754 1958 licet
776 1903 877 1958 tamen
896 1900 994 1958 dicere
1007 1900 1121 1958 multos

101 1989 282 2048 iudiciorum
306 2007 392 2048 casus
412 1988 450 2047 ad
472 1990 574 2063 iniqua
597 1989 851 2064 pronuntiandum
874 1989 973 2047 valere
992 1988 1122 2064 ideoque
1135 2011 1155 2050 1(

102 2078 279 2136 damnatum
302 2077 459 2152 Rutilium,
483 2078 634 2137 absolutos
664 2077 801 2136 Clodium
828 2080 918 2153 atque
948 2077 1121 2153 Catilinam,

101 2167 229 2245 rogandi
261 2169 354 2225 etiam
383 2167 504 2240 iudices
534 2170 569 2224 ut
595 2185 658 2224 rem
688 2168 788 2242 potius
816 2168 991 2249 intueantur
1013 2166 1122 2242 ipsam,

66 2257 85 2311 ὅ
106 2275 197 2330 quam
219 2255 429 2314 iuriiurando
454 2256 550 2314 alieno
574 2274 661 2313 suum
680 2255 799 2314 donent.
824 2254 963 2313 adversus
983 2258 1122 2314 consulta

103 2348 205 2403 autem
237 2348 358 2404 senatus
391 2348 421 2402 et
453 2345 571 2403 decreta
604 2345 772 2420 principum
804 2343 853 2402 vel
885 2345 1122 2420 magistratuum

102 2433 268 2491 remedium
291 2434 406 2491 nullum
436 2437 488 2507 est,
520 2434 579 2490 nisi
607 2436 660 2492 aut
691 2434 815 2492 inventa
844 2433 1121 2509 quantulacumque
1136 2457 1155 2495 11

103 2540 210 2582 causae
235 2522 382 2581 (1111111111Ι
360 2525 404 2580 111
428 2526 481 2580 aut
504 2522 605 2596 aliqua
637 2522 685 2580 vel
716 2522 876 2580 eorundem
907 2521 956 2581 111
987 2522 1122 2581 eiusdem

103 2614 263 2686 potestatis
286 2611 440 2669 hominum
462 2612 610 2686 posterior
639 2611 824 2684 constitutio,
852 2629 928 2685 quae
956 2613 997 2670 sit
1025 2611 1122 2715 priori

104 2702 268 2758 contraria:
292 2719 368 2775 quae
392 2701 419 2758 si
442 2699 573 2774 deerunt,
597 2700 634 2758 lis
657 2718 717 2757 non
741 2700 805 2758 erit.

176 2894 191 2940 1
211 2885 266 2940 Cic.
286 2905 313 2956 p.
334 2885 442 2941 Cluent.
462 2893 495 2940 17
516 2904 601 2955 sq-
621 2892 636 2940 3
655 2905 683 2956 p.
703 2886 762 2940 Mil.
782 2891 798 2937 5

176 3107 191 3155 9
210 3101 327 3155 11111ΒΡ
350 3103 396 3155 Vt:
414 3100 449 3154 iis
468 3111 491 3152 Α
565 3105 598 3152 10
617 3100 735 3169 quisquc
754 3110 809 3154 Po:
829 3100 979 3170 quisquam
998 3110 1051 3154 AB

106 3179 138 3226 11
158 3189 225 3242 crgo
244 3190 286 3226 om
305 3181 359 3225 ΒΡ
431 3178 464 3225 18
488 3174 538 3225 aut
561 3171 711 3224 videndum
735 3171 803 3239 quid
832 3172 880 3225 Vt:
904 3172 954 3225 aut
976 3171 1122 3226 invenien-

104 3245 172 3298 dum
191 3244 260 3310 quid
280 3253 307 3296 Ρ
323 3243 521 3296 inveniendum
540 3243 616 3312 quod
635 3252 686 3295 ΑΒ
788 3247 821 3294 16
841 3242 885 3295 111
904 3243 1058 3298 eorundem
1077 3244 1123 3298 111

104 3316 230 3370 eiusdem
255 3316 302 3369 Vt:
321 3314 473 3368 eorundem
491 3314 536 3368 vel
555 3330 578 3367 e.
593 3324 616 3365 Α
631 3314 674 3367 111
689 3313 840 3367 eorundem
855 3322 883 3366 Β
893 3314 939 3368 vel
953 3314 1082 3368 eiusdem
1096 3325 1126 3368 Ρ
