2438 3832
161 125 224 191 146
461 124 688 190 QVINTHAANI
704 123 796 178 INST.
817 124 872 178 Oit.

158 294 238 352 rabit
260 293 434 370 diligentius
465 293 631 371 legentibus
662 311 739 368 quae
769 293 805 352 de
836 296 964 368 utraque
995 312 1028 352 re
1061 293 1177 369 dicam3

159 386 247 442 erunt
270 385 349 442 enim
371 384 459 459 plura
482 383 586 457 multo,
615 401 706 457 quam
733 401 810 457 quae
838 383 885 441 his
913 383 1067 442 elementis
1096 401 1177 442 com·

158 472 390 547 prehenduntur.

31 558 34 564 ’
105 559 146 614 29
228 561 318 636 Apud
340 562 441 636 plures
465 563 600 619 auctores
623 560 693 637 legi,
714 561 862 635 placuisse
881 560 1060 636 quibusdam
1078 580 1177 618 unum

160 652 281 708 omnino
305 651 418 708 statum
442 668 504 709 esse
534 649 772 722 coniecturalem,
802 649 854 708 sed
881 649 989 724 quibus
1016 649 1176 724 placuerit,
1205 667 1216 708 e

159 758 256 813 neque
277 739 325 796 illi
347 739 536 797 tradiderunt
558 757 654 812 neque
684 757 739 815 ego
765 756 893 813 usquam
919 738 1049 813 reperire
1078 741 1176 812 potui.

159 828 307 886 rationem
325 831 426 885 tamen
439 829 516 886 hanc
530 829 624 885 secuti
638 827 784 900 dicuntur,
808 827 888 902 quod
905 845 952 885 res
967 826 1062 887 omnis
1081 827 1178 903 signis

161 916 360 993 colligeretur.
380 935 437 991 quo
451 916 540 974 modo
558 916 629 974 licet
648 916 804 990 qualitatis
819 934 937 990 quoque
951 916 1049 975 solum
1062 918 1178 975 statum

161 1006 284 1079 facient,
308 1007 379 1079 quia
397 1006 517 1081 ubique,
541 1005 638 1079 qualis
657 1007 697 1063 sit
715 1007 856 1080 cuiusque
870 1006 914 1062 rei
928 1007 1046 1079 natura,
1071 1007 1179 1079 quaeri

160 1097 267 1169 potest.
298 1094 350 1152 sed
378 1096 574 1168 utrocumque
604 1093 691 1152 modo
720 1096 860 1168 sequetur
887 1112 1003 1152 summa
1031 1093 1177 1152 confusio.
1192 1115 1213 1153 11

108 1181 147 1237 80
162 1202 258 1258 neque
280 1184 415 1257 interest,
447 1202 541 1239 unum
564 1184 632 1256 quis
662 1184 775 1240 statum
803 1183 898 1241 faciat
925 1201 964 1240 an
991 1181 1123 1255 nullum,
1151 1184 1179 1241 si

162 1290 263 1330 omncs
287 1290 393 1330 causae
412 1274 482 1330 sunt
496 1271 677 1330 condicionis
696 1270 834 1329 eiusdem.
859 1271 1071 1330 coniectura
1095 1270 1179 1330 dicta

163 1364 208 1419 est
232 1380 249 1418 a
272 1362 416 1435 coniectu,
440 1360 471 1418 id
495 1362 540 1419 est
563 1359 728 1418 derectione
747 1359 877 1434 quedam
894 1361 1022 1418 rationis
1042 1359 1081 1418 ad
1099 1362 1179 1419 veri-

161 1451 264 1523 tatum,
287 1449 366 1507 unde
390 1450 482 1507 etiam
509 1451 691 1507 somniorum
719 1452 809 1523 atque
837 1448 969 1506 ominum
996 1451 1178 1525 interpretes

163 1540 343 1596 coniectores
379 1541 532 1596 vocantur.
570 1538 753 1613 appellatum
784 1540 887 1596 tamen
918 1540 964 1596 est
994 1538 1051 1596 hoc
1083 1557 1179 1616 genus
1194 1559 1214 1596 ιἲ

162 1627 253 1700 varie,
276 1626 353 1684 sicut
376 1627 567 1702 sequentibus
591 1626 756 1701 apparebit.

453 1758 563 1830 [QUOT
581 1759 628 1812 ET
648 1758 709 1824 QUI
728 1759 886 1832 STATUA]

109 1875 148 1930 81
231 1875 365 1933 Fuerunt
388 1874 441 1951 qui
465 1875 538 1934 duos
566 1877 661 1934 status
691 1876 834 1934 facerent:
862 1875 1064 1935 Archedemus
1093 1895 1179 1936 con-

161 1966 376 2023 iecturalem
399 1968 434 2024 et
456 1965 645 2023 finitivum
669 1965 788 2024 exclusa
812 1965 1009 2039 qualitate,
1037 1967 1111 2040 quia
1135 1968 1179 2025 sic

164 2053 199 2110 de
223 2073 258 2112 ea
282 2057 386 2129 quaeri
409 2053 599 2114 existimabat
621 2047 707 2127 ‘quid
733 2056 810 2112 esset
836 2051 968 2111 inicum?
996 2053 1072 2128 quid
1099 2056 1179 2113 iniu-
1199 2080 1214 2101 τι

163 2141 264 2200 stum?
298 2144 371 2219 quid
394 2143 473 2201 dicto
497 2142 667 2200 audientem
689 2161 749 2201 non
777 2137 872 2201 esse?
907 2142 987 2216 quod
1018 2146 1108 2202 vocat
1136 2144 1178 2202 de

109 2231 284 2295 tieodem
307 2235 342 2290 et
365 2234 447 2291 alie.
478 2232 547 2290 huic
574 2230 691 2289 diversa
719 2232 867 2289 sententia
895 2249 995 2289 eorum
1024 2232 1097 2306 fuit,
1127 2235 1181 2307 qui

164 2321 237 2378 duos
257 2321 377 2395 quidem
395 2323 492 2379 status
510 2338 573 2378 esse
591 2320 757 2394 voluerunt,
776 2319 938 2378 sedunum
960 2320 1180 2397 infitialem,

165 2409 292 2466 alterum
314 2409 553 2468 iuridicalem.
576 2408 754 2466 infitialis
778 2410 832 2481 est,
856 2427 945 2484 quem
960 2408 1087 2468 dicimus
1107 2428 1179 2469 con-

164 2498 346 2572 iecturalem,
370 2500 418 2556 eui
436 2497 473 2555 ab
492 2496 648 2556 infitiando
666 2515 774 2555 nomen
788 2497 841 2554 alii
855 2497 886 2554 in
905 2499 1003 2555 totum
1021 2497 1178 2574 dederunt,
1194 2517 1213 2556 a

165 2586 219 2644 alii
240 2588 272 2644 in
296 2590 421 2661 partem,
445 2586 496 2662 qui
521 2588 723 2644 accusatorem
746 2585 924 2659 coniectura,
953 2604 1038 2644 reum
1065 2587 1181 2647 infitia-

110 2670 150 2724 33
164 2676 245 2732 tione
268 2677 316 2733 uti
338 2678 528 2750 putaverunt.
551 2673 760 2733 iuridicalis
784 2678 836 2748 est,
860 2676 913 2750 qui
936 2671 1047 2734 Graece
1067 2675 1182 2735 dicitur

164 2762 386 2842 ὃικαιολογικός,
419 2765 471 2823 sed
494 2783 581 2840 quem
605 2763 786 2822 admodum
810 2763 847 2821 ab
870 2762 1053 2822 Archedemo
1081 2766 1180 2839 quali-

164 2855 211 2911 tas
235 2853 353 2912 exclusa
372 2855 424 2928 est,
448 2853 491 2911 sio
509 2852 547 2911 ab
565 2852 612 2910 his
630 2852 788 2926 repudiata
806 2851 911 2910 finitio.
934 2871 1003 2910 nam
1025 2852 1181 2914 subiciunt

165 2961 231 3001 eam
258 2941 407 2999 iuridicali
437 2940 696 3017 quaerendumque
729 2940 923 3017 arbitrantur,
954 2940 1105 3000 iustumne
1140 2943 1181 3002 sit
1201 2968 1215 2990 ἰ

164 3030 355 3108 saerilegium
378 3030 525 3105 appellari
548 3030 627 3104 quod
646 3029 793 3088 obiciatur
811 3031 860 3088 vel
877 3031 992 3088 furtum
1009 3030 1059 3089 vel
1077 3049 1181 3090 amen-

237 3168 270 3216 18
289 3163 341 3232 frg.
363 3169 393 3216 11
414 3163 512 3216 Arnim

236 3293 252 3340 8
271 3287 370 3340 eodem
387 3289 471 3342 modo
489 3287 600 3341 licitum
618 3289 661 3341 est
679 3305 723 3357 my
740 3297 785 3350 Bo
858 3293 891 3340 10
909 3289 1106 3354 sequereturo

166 3364 198 3412 11
218 3358 282 3427 quis
297 3368 353 3413 Po:
373 3359 422 3426 qui
436 3369 464 3412 Β
476 3359 595 3427 quisque
609 3358 646 3411 Μ
659 3360 746 3414 ieros
819 3364 851 3411 12
870 3376 900 3428 sq
915 3359 995 3412 libere
1009 3359 1101 3413 reddit
1117 3361 1153 3413 Vt
1157 3379 1181 3430 p

166 3435 270 3498 376,ἳῖ
322 3434 355 3483 16
373 3430 404 3484 in
422 3430 604 3499 sequentibus
623 3440 667 3483 Po
716 3436 747 3482 21
769 3429 840 3482 dicti
857 3439 886 3482 B
930 3433 964 3482 24
982 3429 1142 3484 iuridicalis
1157 3442 1181 3484 Α

164 3501 221 3568 fere
234 3507 480 3571 sempertuctur,13
491 3504 570 3557 hicet
582 3503 614 3555 iu
628 3502 689 3555 127
704 3503 708 3571 Ι
725 3503 768 3554 est
777 3517 820 3554 om
828 3509 884 3553 BP
953 3505 987 3555 26
1002 3501 1184 3573 qui]quia1’

388 3768 411 3796 Δ
487 3768 517 3796 h.
