2460 3854
340 150 357 197 ,’
459 139 494 195 Π·.
515 144 558 207 17,
576 144 690 194 84-86.
1020 140 1082 204 117

64 308 182 383 alioqrii
205 308 258 366 ubi
280 308 393 368 iniusta
416 327 505 368 causa
528 311 582 384 est,
610 308 654 366 ibi
676 309 823 367 rhetorice
848 328 909 367 non
935 311 987 384 ast,
1010 310 1085 368 adeo

64 400 102 456 ut
133 398 186 457 vix
219 397 390 457 admirabili
422 398 552 473 quodam
584 415 655 457 casu
682 398 778 473 possit
811 398 955 473 accidere,
985 401 1021 457 ut
1050 418 1085 457 ex

65 490 198 562 utraque
219 489 307 562 parte
330 489 439 562 orator,
462 487 494 545 id
517 489 563 545 est
585 486 749 546 virbonus
772 487 862 546 dicat.
884 490 986 546 tamen
1010 507 1083 563 quo·
1098 490 1136 545 82

65 577 151 635 niam
174 576 231 636 hoo
249 594 367 652 quoque
385 578 417 634 in
435 595 536 635 rerum
553 578 695 634 naturam
713 576 802 650 cadit,
825 580 861 634 ut
879 576 953 637 duos
967 579 1084 652 sapien-

38 668 113 726 ates
138 665 301 740 aliquando
323 667 420 724 iustae
443 683 550 724 causae
571 667 604 723 in
628 665 777 725 diversum
806 667 938 739 trahant,
966 666 1085 741 quando

66 756 162 815 etiam
184 756 371 831 pugnaturos
394 773 443 814 eos
466 756 546 813 inter
568 773 608 829 se,
636 755 662 814 si
689 754 768 813 ratio
794 756 840 813 ita
868 755 994 830 duxerit,
1024 774 1085 814 ore·

67 844 154 917 dunt,
175 843 360 918 respondebo
382 843 546 920 propositis
565 845 655 918 atque
674 845 719 902 ita
738 843 866 918 quidem,
888 847 923 902 ut
942 846 1087 919 appareat

66 934 143 991 haec
166 933 308 991 advorsus
338 950 388 991 eos
415 951 532 1008 quoque
564 933 678 991 frustra
710 934 888 1010 excogitata,
918 932 970 1008 qui
997 933 1085 992 malis

66 1021 202 1081 moribus
224 1039 334 1080 nomen
356 1023 483 1081 oratoris
505 1021 671 1098 indulgent.
695 1041 766 1079 nam
783 1022 929 1081 rhetorice
952 1040 1012 1080 non
1041 1024 1086 1081 est
1099 1024 1138 1078 88

27 1132 54 1172 ro
68 1110 222 1170 contraria
245 1111 317 1170 sibi:
342 1129 430 1170 causa
449 1111 528 1169 enim
547 1129 613 1169 cum
633 1129 731 1185 causa,
754 1130 815 1170 non
832 1111 886 1169 illa
905 1129 1005 1170 secum
1018 1113 1087 1186 ipsa

68 1201 268 1275 componitur.
291 1217 346 1259 neo
368 1199 395 1258 si
416 1201 551 1278 pugnent
573 1199 653 1258 inter
675 1218 707 1259 se
731 1199 783 1275 qui
804 1200 885 1258 idem
909 1200 1086 1273 didicerunt,

66 1289 180 1348 idcirco
200 1307 258 1363 ars,
281 1308 358 1364 quac
377 1289 498 1364 utrique
515 1289 629 1347 tradita
653 1291 705 1363 est,
729 1308 788 1348 non
807 1289 877 1347 erit:
901 1289 1015 1364 alioqui
1032 1307 1087 1347 neo

68 1397 231 1453 armorum,
255 1379 326 1453 quia
348 1396 437 1453 saepe
460 1378 642 1455 gladiatores
666 1377 720 1436 sub
739 1378 842 1436 eodem
855 1380 1000 1455 magistro
1021 1397 1085 1435 eru-

68 1467 128 1528 diti
149 1469 232 1526 inter
250 1482 281 1526 se
298 1470 524 1541 componuntur,
554 1485 608 1525 neo
625 1466 819 1543 gubernandi,
836 1468 907 1541 quia
928 1466 1086 1526 navalibus
1100 1465 1140 1522 84

30 1576 54 1616 ra
68 1557 192 1634 proeliis
202 1555 386 1633 gubernator
395 1556 440 1614 est
449 1555 641 1632 gubernatori
649 1555 799 1628 adversus,
814 1574 868 1614 nec
884 1556 1087 1630 imperatoria,

68 1647 314 1722 quiaimperator
321 1662 388 1702 cum
395 1645 576 1719 imperatore
583 1645 743 1703 contendit.
751 1645 825 1703 item
832 1647 1005 1703 nonevertit
1013 1664 1086 1720 opus

67 1736 227 1808 rhetorice,
241 1734 321 1809 quod
335 1733 435 1808 efficit,
454 1752 550 1808 neque
565 1733 644 1791 enim
657 1735 789 1810 positum
804 1753 862 1792 ase
877 1737 1087 1812 argumentum

69 1823 160 1883 solvit
184 1823 294 1896 orator,
317 1822 370 1881 sed
391 1842 429 1881 ne
442 1824 589 1881 rhetorice
608 1823 738 1899 quidem,
761 1824 832 1898 quia
851 1824 930 1898 apud
956 1842 1015 1897 eos,
1035 1824 1088 1898 qui

68 1913 99 1970 in
123 1911 330 1989 persuadendo
353 1910 442 1970 finem
464 1914 583 1988 putant,
607 1914 661 1969 aut
684 1913 710 1970 si
734 1913 810 1987 quis,
838 1914 873 1970 ut
901 1912 971 1986 dixi,
1002 1930 1087 1970 casus

32 2002 143 2061 aeduos
167 2001 249 2060 inter
271 2018 302 2061 se
325 2001 418 2060 bonos
440 2003 520 2060 viros
543 2001 753 2077 composuerit,
775 2003 839 2059 veri
863 2000 974 2059 similia
998 2019 1087 2075 quae-

68 2093 187 2150 rentur:
216 2109 276 2149 non
299 2092 409 2164 autern,
439 2092 466 2150 si
495 2089 636 2164 quidest
666 2091 761 2149 altero
791 2089 971 2163 credibilius,
1001 2090 1033 2148 id
1061 2091 1089 2147 ei

69 2178 255 2240 contrarium
278 2181 332 2253 est,
355 2178 435 2255 quod
457 2179 518 2237 fuit
541 2179 690 2237 credibile.
717 2197 788 2236 nam
811 2181 846 2237 ut
868 2178 994 2238 candido
1019 2197 1087 2236 cane
1101 2179 1140 2234 88

69 2269 169 2330 didius
193 2271 224 2327 et
247 2267 328 2328 dulci
350 2268 466 2327 dulcius
489 2286 548 2326 non
572 2272 618 2328 est
641 2267 807 2342 adversum,
837 2269 882 2326 ita
904 2286 958 2325 neo
981 2268 1087 2343 proba-

69 2359 124 2418 bili
147 2357 342 2434 probabilius.
364 2375 460 2432 neque
484 2358 633 2432 praecipit
654 2376 798 2432 umquam
815 2376 875 2415 non
890 2356 1019 2415 dicenda
1034 2375 1088 2416 neo

38 2465 58 2505 11
69 2446 203 2507 dicendis
223 2446 382 2521 contraria,
405 2447 457 2506 sed
476 2465 551 2522 quae
570 2446 602 2503 in
621 2465 739 2521 quaque
758 2465 848 2505 causa
866 2445 991 2504 dicenda
1010 2449 1087 2504 sunt.

70 2556 130 2596 non
154 2555 271 2610 semper
289 2537 388 2595 autem
412 2535 449 2610 ei,
468 2535 586 2594 etiamsi
604 2535 852 2610 frequentissime,
879 2536 992 2594 tuenda
1011 2537 1089 2594 veri-
1102 2536 1141 2590 88

69 2628 117 2686 tas
141 2626 210 2699 erit,
232 2624 284 2684 sed
307 2625 468 2700 aliqnando
492 2625 585 2702 exigit
608 2625 772 2684 communis
795 2624 920 2700 utiliter,
944 2628 979 2683 ut
997 2626 1089 2683 etiam

69 2717 149 2776 falsa
173 2713 321 2774 defendat.

136 2803 295 2863 Ponuntur
316 2803 373 2862 hae
397 2822 514 2878 quoque
537 2805 569 2861 in
592 2802 720 2862 secundo
740 2801 890 2862 Ciceronis
908 2803 943 2860 de
963 2800 1089 2861 Oratore

32 2893 148 2953 alibro
186 2892 448 2952 contradictiones:
487 2887 592 2950 ‘artem
631 2911 733 2950 earum
768 2911 867 2950 rerum
905 2911 975 2967 esse,
1013 2911 1088 2966 quae

69 2983 222 3043 sciantur:
274 2983 402 3041 oratoris
454 3000 572 3040 omnem
622 2983 770 3039 actionem
821 2982 977 3056 opinione,
1029 2999 1089 3039 non

69 3072 199 3133 scientia
231 3072 385 3144 contineri,
427 3072 498 3145 quia
531 3074 562 3129 et
602 3071 683 3146 apud
724 3090 773 3130 eos
815 3070 904 3144 dicat,
946 3071 998 3145 qui
1038 3088 1088 3127 ne·

143 3227 178 3276 aa
197 3221 239 3275 Do
260 3226 329 3277 orat.
350 3227 375 3289 a,
396 3228 419 3289 1,
440 3227 473 3276 ao

145 3385 212 3437 rut
230 3400 273 3438 om
291 3393 314 3436 Α
405 3389 420 3435 9
443 3382 612 3453 indulgeant
634 3391 657 3434 Α
756 3388 786 3434 11
812 3397 938 3452 pugnare
961 3381 1036 3434 inter
1058 3399 1088 3435 se

70 3455 189 3526 quidem
206 3465 229 3507 Δ
304 3461 335 3508 11
357 3453 451 3508 effecit
469 3464 497 3507 Ρ
568 3458 600 3506 18
620 3453 723 3506 sedne
742 3452 783 3507 rb.
803 3453 921 3522 quidem
942 3453 987 3507 del
1005 3454 1093 3506 Locb»

69 3543 159 3582 mann
230 3530 264 3578 28
278 3524 426 3594 probabili
445 3542 488 3582 om
506 3535 536 3581 B
607 3530 643 3582 88
664 3524 693 3582 ai
709 3542 757 3584 oro
775 3535 830 3582 BP
901 3530 939 3580 nt
958 3523 1034 3593 aaut
1044 3524 1078 3574 aa
1093 3528 1119 3570 Δ
