2438 3832
103 128 170 192 224
409 119 637 195 QVINTILIANI'
655 129 747 184 INST.
767 127 824 185 ΟΒ.

102 315 162 355 non
185 297 273 357 modo
296 298 470 373 narrationi,
494 298 546 357 sed
570 301 661 357 etiam
685 298 910 373 quaestionibus
933 299 983 357 vel
1001 301 1122 358 univer·

103 386 143 444 sis
166 386 214 445 vel
242 387 363 444 interim
390 387 516 465 singulis
547 391 714 463 opportune
746 405 832 463 posse
865 386 1014 464 subiungi,
1054 407 1122 446 cum

101 493 149 534 res
172 476 306 550 postulat
330 478 382 534 aut
405 479 483 534 certe
506 477 664 552 permittit,
688 478 778 552 atque
801 495 835 534 eo
859 477 907 535 vel
926 476 1057 534 maxime
1075 479 1122 535 in-

101 565 224 622 lustrari
247 567 406 640 ornarique
429 565 602 638 orationem,
626 565 685 640 sed,
709 567 735 623 si
758 565 897 624 cohaeret
920 568 951 642 et
974 567 1121 641 sequitur,

100 672 169 727 non,
193 655 219 711 si
241 672 294 729 per
316 655 379 712 vim
403 658 546 713 cuneatur
569 656 612 730 et,
645 673 721 729 quae
753 655 862 712 natura
888 656 991 713 iuncta
1024 658 1120 731 erant,
1147 676 1160 716 e

64 741 250 801 sdistrahit.
273 742 349 800 nihil
373 743 452 801 enim
474 746 538 801 tam
561 745 607 801 est
629 761 811 818 consequens
835 761 928 817 quam
950 745 1121 802 narrationi

100 831 247 906 probatio,
271 832 329 889 nisi
354 850 491 890 excursus
514 832 567 890 ills
590 833 639 890 vel
662 833 750 906 quasi
771 831 839 890 finis
862 833 1046 890 narrationis
1071 834 1120 890 vel

101 921 189 995 quasi
211 919 333 978 initium
355 921 540 994 probationis
565 929 617 978 est.
649 923 707 979 erit
729 939 799 998 ergo
823 921 871 978 illi
893 941 1120 996 nonnumquam

100 1009 191 1082 locus,
213 1011 256 1086 ut,
280 1010 307 1066 si
330 1010 475 1084 expositio
500 1011 579 1068 circa
600 1009 689 1068 finem
713 1013 799 1068 atrox
822 1011 927 1083 fuerit,
955 1027 1119 1086 prosequa-

62 1101 166 1155 dmur
199 1116 265 1155 eam
297 1098 380 1155 velut
411 1100 583 1174 erumpente
615 1100 752 1173 protinus
784 1098 999 1176 indignatione.
1038 1099 1119 1173 quod
1134 1121 1159 1160 re

99 1189 200 1244 tamen
223 1187 268 1244 ita
291 1185 355 1244 fieri
374 1187 532 1262 oportebit,
556 1188 582 1246 si
599 1206 647 1245 res
666 1186 883 1246 dubitationem
902 1206 963 1245 non
981 1187 1118 1246 habebit:

100 1275 214 1350 alioqui
236 1276 318 1350 prius
343 1277 389 1334 est
412 1275 491 1350 quod
514 1275 625 1336 obicias
649 1295 752 1335 verum
776 1275 891 1336 efficere
915 1295 1006 1352 quam
1033 1296 1117 1354 mag·

99 1385 180 1438 num,
204 1366 275 1439 quia
299 1366 456 1422 criminum
479 1365 593 1423 invidia
615 1384 670 1441 pro
693 1383 743 1423 reo
768 1368 820 1435 est,
849 1367 1025 1440 priusquam
1048 1384 1118 1442 pro-

99 1454 202 1528 batur,
235 1453 415 1512 difficillima
446 1456 492 1512 est
522 1454 601 1511 enirn
634 1453 802 1532 gravissimi
826 1454 968 1529 cuiusque
997 1456 1117 1514 sceleris

64 1541 180 1600 7fides.
203 1543 277 1600 item
299 1541 365 1599 fieri
387 1562 447 1601 non
461 1543 610 1601 inutiliter
632 1545 740 1619 potest,
763 1544 806 1615 ut,
830 1545 859 1610 si¹
877 1543 987 1602 merita
1009 1546 1042 1601 in
1067 1545 1156 1605 acl-1⁵

100 1632 265 1690 versarium
289 1631 391 1705 aliqua
414 1633 594 1706 exposueris,
626 1634 658 1689 in
681 1633 833 1708 ingratum
863 1631 1025 1708 inveharis,
1055 1634 1117 1705 aut,

100 1722 125 1777 si
148 1719 325 1778 varietatem
349 1721 506 1779 criminum
536 1722 707 1779 narratione
735 1720 994 1793 demonstraveris,
1022 1741 1117 1796 quan-

64 1810 165 1866 8tum
198 1808 235 1866 ob
259 1827 294 1866 ea
324 1810 490 1884 periculum
521 1811 695 1881 intentetur,
728 1809 875 1868 ostendas.
908 1828 1013 1868 verum
1043 1811 1116 1869 haec

99 1897 228 1956 breviter
251 1900 363 1972 omnia,
386 1898 475 1956 iudex
497 1899 575 1956 enirn
600 1898 703 1957 ordine
726 1898 829 1956 audito
852 1897 977 1956 festinat
995 1899 1034 1956 ad
1047 1918 1116 1974 pro-

99 1987 250 2045 bationem
274 1990 304 2044 et
326 2006 415 2062 quam
445 1989 576 2062 primum
603 1989 701 2046 certus
730 2005 791 2045 esse
824 1988 989 2046 sententiae
1022 1990 1115 2064 cupit.
1130 2009 1156 2048 so

98 2080 253 2152 praeterea
276 2075 439 2134 cavendum
463 2079 508 2134 est
530 2096 567 2134 ne
581 2077 649 2152 ipsa
667 2075 812 2152 expositio
826 2080 977 2150 vanescat,
1001 2079 1115 2135 aversis

99 2167 131 2223 in
155 2165 237 2223 aliud
261 2167 369 2224 animis
393 2168 423 2224 et
445 2165 529 2222 inani
552 2184 634 2224 mora
658 2165 804 2242 fatigatis.

63 2257 82 2310 9
168 2254 225 2312 Sed
248 2258 282 2313 ut
310 2274 368 2313 non
397 2273 513 2330 semper
543 2257 588 2312 est
616 2255 782 2312 necessaria
810 2257 879 2329 post
910 2255 1115 2334 narrationem

99 2343 153 2400 illa
175 2345 337 2418 procursio,
360 2345 405 2402 ita
427 2345 599 2418 frequenter
612 2343 697 2401 utilis
716 2346 785 2401 ante
805 2344 1010 2417 quaestionem
1028 2363 1113 2418 prae·

98 2434 226 2506 paratio,
258 2434 363 2508 utique
387 2433 413 2492 si
435 2435 531 2508 prima
555 2434 651 2508 specie
674 2434 772 2489 minus
796 2431 853 2489 erit
875 2431 1060 2505 favorabilis,
1088 2435 1114 2490 si
1128 2452 1153 2491 ss

99 2520 195 2596 legem
219 2540 354 2596 asperam
377 2522 527 2580 tuebimur
550 2525 603 2580 aut
620 2520 777 2597 poenarias
796 2521 927 2578 actiones
941 2519 1112 2580 inferemus.

99 2612 144 2667 est
167 2609 215 2667 hic
239 2610 321 2667 locus
351 2612 435 2669 velut
464 2611 615 2685 sequentis
648 2609 801 2668 exordium
833 2608 871 2667 ad
894 2609 1114 2667 conciliandum

98 2696 325 2773 probationibus
348 2700 458 2758 nostris
481 2700 608 2757 iudicem
632 2693 855 2778 [mitigandum
878 2692 1112 2776 concitandum]

97 2786 180 2861 quod
204 2786 327 2846 liberius
351 2788 399 2846 hic
422 2791 452 2846 et
474 2788 678 2847 vehementius
701 2786 765 2845 fieri
787 2790 895 2862 potest,
924 2788 996 2862 quia
1018 2787 1113 2845 iudici

172 2945 185 2992 1
206 2939 255 2992 sed
273 2948 296 2990 A
321 2940 354 2993 Vt
366 2945 467 3008 plat:
488 2938 732 3006 quoquuidem
747 2938 795 2991 sed
811 2947 838 2990 P
918 2943 931 2991 7
952 2937 1035 3006 quasi
1048 2938 1112 2991 finis

98 3010 267 3063 narrationis
285 3010 330 3063 vel
347 3020 401 3064 ΒΡ
424 3012 470 3065 Vt:
489 3011 611 3080 egressio
630 3019 653 3061 A
726 3015 741 3063 9
760 3012 793 3063 ut
811 3018 866 3062 ΒΡ
886 3008 937 3063 Vt.-
956 3026 999 3062 om
1017 3018 1040 3060 A

100 3087 133 3134 10
152 3081 617 3150 veluterrump.1’velutiirrump.
633 3082 871 3149 VtspmrumpA
928 3086 960 3132 12>
980 3082 1114 3133 estomB

172 3157 204 3205 13
223 3152 360 3221 probatur
377 3162 432 3206 ΒΡ
453 3154 500 3207 Vt:
524 3151 692 3221 probabitur
709 3162 732 3204 A
806 3157 839 3205 lo
857 3150 927 3204 item
944 3150 1112 3205 narsidem

101 3224 104 3297 l
125 3224 168 3277 uti
186 3234 240 3278 ΒΡ
320 3230 352 3277 18
372 3224 407 3278 ob
428 3240 490 3277 eam
508 3234 530 3276 A
551 3224 586 3276 ab
607 3240 640 3277 ea
659 3233 686 3276 Ρ
777 3228 810 3275 23
829 3222 879 3275 sed
896 3231 951 3275 ΒΡ
973 3223 1023 3277 Vt:
1042 3225 1071 3276 et
1088 3232 1111 3274 A

171 3301 203 3349 25
223 3296 248 3348 si
265 3295 365 3365 prima]
393 3295 485 3363 prima
508 3304 549 3346 Ab
570 3297 574 3365 Ι
595 3295 619 3348 si
643 3301 707 3362 poet
728 3292 892 3347 favorabilis
916 3308 959 3346 om
981 3293 1114 3347 A¹s13n1³

170 3372 203 3420 26
224 3382 351 3435 asperam
370 3383 403 3420 ac
425 3366 557 3435 pervarias
580 3366 705 3419 actiones
728 3364 870 3418 tuebimur
887 3372 910 3414 A
984 3369 1017 3418 28
1035 3364 1112 3418 miti-

88 3440 225 3507 gandum
244 3437 442 3491 concitandum
460 3455 503 3492 om
521 3447 549 3491 Β
565 3438 644 3492 babet
661 3446 713 3489 ΑΡ
729 3437 788 3504 (Vt)
861 3440 895 3488 29
915 3435 1003 3507 quod]
1019 3452 1074 3504 quo
1088 3445 1111 3487 A

81 3509 163 3581 μήθ
181 3512 227 3584 et]
242 3510 298 3565 hoc
316 3519 340 3563 A
358 3510 408 3567 sed
425 3510 456 3580 cf
476 3509 547 3580 th
566 3513 663 3578 etad
