2438 3832
113 125 181 190 288
442 125 669 191 Qvnvminm
685 126 777 181 INST.
798 126 855 182 ΟΒ.

117 293 245 354 eundum
269 296 366 370 legem
389 294 521 354 dicturos
545 297 726 355 sententiam
744 296 779 354 de
798 295 940 355 confessis
959 297 1137 371 praecipere

116 383 274 441 ridiculum
298 386 350 441 est.
380 403 450 460 ergo
478 403 555 460 quae
584 403 680 460 neque
711 387 815 462 negari
846 403 942 460 neque
975 386 1137 444 transferri

118 478 252 548 possunt,
274 474 379 546 utique
403 473 585 532 defendenda
608 477 689 544 sunt,
713 474 942 548 qualiacumque
966 477 1051 547 sunt,
1082 480 1137 533 aut

117 580 208 620 eausa
236 560 406 620 cedendum.
436 563 567 638 negandi
599 561 747 638 duplicem
779 561 962 621 ostendimus
995 563 1136 637 formam,

115 653 253 708 autnon
276 668 337 709 esse
361 651 474 709 fautum
498 655 631 709 autnon
655 652 710 709 hoo
734 669 804 726 esse,
833 652 913 726 quod
940 652 1057 710 fautum
1084 654 1133 710 sit.
1160 671 1171 712 s

116 758 195 814 quae
217 758 312 813 neque
336 739 453 798 defendi
476 758 572 814 neque
595 740 750 798 transferri
779 743 913 814 possunt,
944 741 1052 815 utique
1070 759 1134 798 ·ne-

118 828 226 905 ganda,
253 846 307 886 neo
331 829 427 886 solum
454 830 481 886 si
512 827 608 887 finitio
640 832 739 904 potest
770 847 832 888 esse
864 847 919 904 pro
950 828 1048 903 nobis,
1082 829 1133 888 sed

77 918 207 980 Setiam
232 918 258 975 si
280 916 360 974 nuda
382 916 523 975 infitiatio
549 921 690 992 superest.
718 921 809 976 testes
840 920 942 975 erunt:
972 918 1071 976 multa
1101 921 1134 977 in

117 1024 165 1064 eos
188 1005 285 1064 dicere
307 1006 390 1079 lieet,
414 1005 657 1083 chirographum:
681 1006 716 1064 de
740 1006 935 1065 similitudine
958 1007 1133 1065 litterarum

116 1094 326 1154 disserendum.
349 1096 453 1170 utique
472 1096 548 1153 nihil
567 1095 624 1153 erit
641 1097 726 1170 peius
742 1114 831 1170 quarn
847 1095 999 1154 confessio.
1024 1095 1133 1154 ultima
1147 1117 1170 1157 ro

116 1187 161 1243 est
184 1185 310 1242 aetionis
334 1185 549 1256 controversia,
578 1203 644 1242 oum
672 1184 847 1243 defendendi
875 1184 1043 1262 negandive
1072 1204 1133 1243 non

76 1282 99 1335 9
118 1275 164 1331 est
185 1273 269 1331 loeus
293 1267 338 1351 [id
357 1274 401 1331 est
419 1267 549 1350 relatio}
573 1273 657 1348 atqui
676 1272 822 1349 quaedam
841 1276 919 1346 sunt,
942 1291 1021 1348 quae
1035 1293 1133 1348 neque

117 1362 220 1438 negari
243 1380 338 1438 neque
362 1361 480 1420 defendi
503 1381 598 1436 neque
625 1362 781 1420 transferri
810 1366 943 1437 possunt.
978 1357 1134 1421 ‘adulterii

116 1469 168 1508 rea
191 1453 244 1524 est,
268 1469 344 1525 quae
368 1469 436 1509 oum
458 1469 535 1508 anno
558 1451 649 1509 vidua
672 1451 785 1524 fuisset,
809 1452 896 1508 enixa
915 1445 986 1508 est':
1010 1451 1048 1508 lis
1072 1470 1133 1509 non

117 1541 182 1597 erit.
207 1558 297 1615 quare
321 1539 397 1597 illud
421 1534 597 1598 stultissime
619 1540 810 1615 praeripitur,
835 1539 913 1614 quod
936 1538 1058 1597 defendi
1072 1559 1133 1598 non
1147 1560 1170 1600 rs

116 1629 220 1703 possit,
244 1628 363 1686 silentio
387 1627 648 1701 dissimulandum,
679 1629 705 1687 si
728 1628 846 1703 quidem
870 1627 978 1700 estid,
1007 1627 1043 1685 de
1073 1647 1132 1704 quo

61 1727 102 1780 ⁴10
116 1718 205 1775 iudex
227 1718 474 1792 pronuntiaturus
497 1719 549 1774 est.
584 1719 616 1775 at
638 1718 664 1776 si
693 1720 777 1775 extra
804 1734 923 1775 oausam
954 1718 994 1776 sit
1021 1716 1133 1775 adduo-

116 1809 235 1865 tumet
258 1809 377 1865 tantum
406 1807 610 1879 coniunctum,
637 1807 741 1864 malim
768 1806 889 1882 quidem
916 1805 1025 1879 dicere,
1055 1806 1134 1864 nihil

117 1896 149 1952 id
172 1896 209 1952 ad
233 1895 438 1970 quaestionem
465 1913 519 1952 nee
543 1912 604 1953 esse
634 1895 666 1953 in
694 1894 730 1954 iis
759 1894 936 1953 morandum
969 1896 1000 1952 et
1031 1897 1132 1953 minus

117 2003 179 2043 esse
203 2003 293 2060 quam
317 1983 502 2043 adversarius
525 1982 612 2042 dicat.
636 1987 736 2041 tamen
760 1983 829 2041 huie
848 1983 930 2042 velut
943 1983 1132 2043 simulationi
1147 2006 1170 2044 ro

117 2073 275 2132 oblivionis
298 2073 464 2150 ignoscam,
493 2071 579 2130 debet
602 2073 680 2130 enim
703 2071 797 2131 bonus
822 2072 984 2130 advocatus
1007 2092 1064 2146 pro
1088 2075 1132 2131 rei

117 2162 213 2221 salute
236 2161 354 2220 brevem
377 2161 582 2238 neglegentiae
600 2163 820 2235 reprensionem
839 2180 898 2220 non
912 2163 1131 2235 pertimescere.

63 2259 100 2314 11
183 2251 351 2309 Videndum
376 2251 475 2323 etiam,
506 2249 595 2308 simul
617 2248 702 2308 nobis
725 2251 813 2324 plura
841 2248 1042 2328 adgredienda
1071 2253 1132 2310 sint

118 2360 156 2399 an
180 2339 346 2398 amolienda
370 2338 495 2416 singula.
520 2339 607 2414 plura
630 2339 720 2396 simul
742 2337 921 2411 invadimus,
944 2340 970 2396 si
993 2341 1049 2396 aut
1066 2342 1130 2396 tam

116 2429 234 2486 infirma
257 2431 334 2502 sunt,
363 2431 397 2485 ut
423 2429 538 2502 pariter
560 2427 666 2502 inpelli
688 2427 813 2502 possint,
837 2430 889 2485 aut
912 2428 976 2485 tam
994 2428 1130 2499 molesta,
1146 2450 1170 2487 aa

117 2521 151 2575 ut
174 2516 279 2591 pedem
302 2518 434 2575 conferre
458 2534 525 2574 oum
548 2515 673 2592 singulis
696 2535 755 2574 non
779 2514 929 2590 expediat:
961 2517 1027 2573 tum
1051 2517 1130 2573 enirn

117 2609 181 2664 toto
200 2623 321 2679 corpore
341 2604 534 2664 obnitendum
557 2608 595 2678 et,
618 2607 654 2662 ut
676 2605 718 2662 sic
738 2604 871 2677 dixerim,
894 2604 1013 2662 derecta
1031 2604 1130 2662 fronte

65 2701 102 2755 la
117 2694 309 2769 pugnandum
346 2695 399 2751 est.
436 2693 566 2766 interim,
597 2693 623 2752 si
652 2692 797 2751 resolvere
829 2712 863 2751 ex
893 2695 979 2767 parte
1012 2693 1129 2752 diversa

117 2781 196 2840 diota
220 2781 370 2840 difficilius
394 2783 461 2857 erit,
484 2783 588 2841 nostra
611 2785 786 2858 argumenta
805 2801 872 2840 oum
889 2781 1129 2841 adversariorum

118 2872 300 2948 argumentis
324 2872 516 2945 conferemus,
547 2870 682 2929 simodo
705 2871 778 2929 haee
800 2873 835 2928 ut
857 2871 1025 2929 valentiora
1048 2870 1128 2930 vide·
1143 2891 1169 2930 eo

117 2961 207 3017 antur
229 2958 308 3017 effici
329 2962 447 3033 poterit.
473 2978 549 3034 quae
572 2978 640 3017 vero
663 2958 752 3017 turba
779 2958 934 3031 valebunt,
962 2958 1130 3019 diducenda

117 3050 212 3113 erunt,
237 3050 279 3120 ut,
303 3047 382 3121 quod
403 3048 495 3122 paulo
519 3050 587 3106 ante
611 3047 685 3106 dixi:
710 3043 805 3106 ‘heres
829 3065 893 3106 eras
916 3049 947 3104 et
964 3065 1082 3123 pauper
1100 3050 1130 3105 et

189 3274 223 3322 10
242 3268 409 3323 disseremus
422 3278 464 3320 Ab
537 3276 569 3322 12
590 3269 620 3322 id
634 3272 677 3323 est
690 3269 791 3324 relatio
805 3271 856 3324 secl
869 3269 1006 3340 Spalding
1022 3271 1026 3339 1
1043 3272 1129 3338 atque

117 3352 158 3394 aa
175 3343 179 3412 l
196 3341 288 3394 sintA
361 3344 394 3393 13
413 3339 559 3409 possintA
633 3346 664 3394 17
685 3343 714 3394 et
733 3340 887 3394 adductum
900 3350 941 3392 At
1014 3346 1049 3394 20
1069 3357 1129 3394 esse

111 3430 160 3467 om
175 3415 219 3478 ΒΙ
236 3411 307 3465 dicit
319 3418 374 3463 BP
388 3414 391 3477 Ι
407 3411 474 3464 huie
488 3410 564 3464 velut
574 3419 615 3464 N:
631 3411 707 3465 velut
721 3412 787 3464 hnic
796 3411 999 3465 ABPvelhuio
1015 3413 1131 3466 Meister

181 3489 220 3538 27
237 3481 404 3539 enitendum
423 3491 452 3536 Β
468 3481 671 3536 obenitendurn
689 3493 714 3536 Ρ
728 3486 736 3554 l
749 3483 855 3536 duecte
876 3482 973 3536 A²PN
