2460 3854
476 148 522 204 VI.
543 154 567 217 1,
588 141 682 205 1-11.
1015 144 1082 216 '313

61 323 175 378 contra
197 321 394 394 inpotentem,
428 320 573 393 invisum,
600 319 799 395 perniciosum
827 321 965 395 suscepta
991 338 1082 380 causa

62 411 120 482 est,
143 411 179 467 si'
192 407 340 467 iudicibus
363 410 437 484 ipsis
461 413 515 468 aut
537 400 651 486 gloriae
675 409 827 467 damnatio
850 411 895 468 rei
914 411 967 467 aut
985 409 1081 469 defor-

61 498 168 555 mitati
189 496 292 555 futura
316 497 475 557 absolutio.
498 517 568 556 nam
592 499 710 576 egregie
733 499 766 555 in
784 497 941 556 Vatinium
961 496 1079 571 Calvus,
1096 496 1136 554 It

65 580 214 658 ‘factum',
237 586 344 661 inquit,
369 582 526 646 ‘ambitum
550 587 633 648 scitis
657 605 771 659 omnes,
799 588 829 646 et
851 587 908 645 hoc
930 606 983 647 vos
1006 588 1081 645 scire

35 693 168 734 somnes
191 671 310 734 sciunt'.
335 664 436 735 Cicero
461 675 582 751 quidem
604 678 635 733 in
659 675 782 734 Verrem
811 676 903 734 etiam
931 675 1082 734 emendari

60 782 151 840 posse
174 765 332 823 infamiam
355 765 534 824 iudiciorum
561 763 703 823 damnato
732 776 782 822 reo
810 764 897 839 dicit,
923 765 1009 840 'quod
1037 768 1081 823 est

62 872 159 911 unum
183 872 218 912 ex
242 872 331 929 supra
354 854 450 913 dictis.
474 858 571 912 metus
595 854 695 929 etiam,
718 855 745 912 si
768 857 813 912 est
832 853 1030 928 adhibendus,
1046 856 1081 913 ut

64 943 158 1002 faciat
176 942 265 1021 idem,
279 943 358 1002 hunc
376 943 466 1002 habet
483 943 583 1002 locum
596 943 751 1002 fortiorem
770 961 860 1018 quam
872 944 905 1001 in
919 943 1080 1018 prooemio.
1123 976 1128 983 «

64 1051 125 1107 qua
148 1031 240 1090 dere
263 1031 336 1107 quid
359 1034 512 1106 sentirem,
543 1024 603 1091 alio
630 1032 692 1090 iam
719 1031 797 1090 libro
826 1031 956 1108 exposui.
984 1032 1080 1091 conci·
1096 1031 1136 1087 14

22 1140 50 1180 11
62 1122 129 1180 tare
154 1140 274 1197 quoque
292 1121 445 1195 invidiam,
464 1121 575 1195 odium,
597 1123 683 1195 iram,
701 1121 823 1180 liberius
841 1123 874 1178 in
891 1122 1080 1198 peroratione

63 1211 224 1287 contingit:
249 1229 374 1285 quorum
397 1211 542 1269 invidiam
566 1212 674 1289 gratia,
696 1210 798 1269 odium
815 1209 981 1285 turpitudo,
1004 1211 1080 1268 iram

63 1299 187 1358 offensio
211 1298 304 1357 iudici
321 1301 403 1374 facit,
426 1299 451 1358 si
471 1303 638 1374 contumax,
657 1316 809 1378 arrogans,
832 1317 951 1358 securus
969 1293 1079 1377 (reus)

63 1390 113 1461 sit,
147 1407 224 1463 quae
246 1407 306 1447 non
330 1408 363 1448 ex
391 1389 472 1447 facto
494 1388 583 1448 modo
610 1388 728 1448 dictove
757 1389 869 1465 aliquo,
901 1388 951 1447 sed
983 1388 1080 1462 vultu,

63 1476 180 1551 habitu,
205 1480 326 1553 aspectu
348 1468 460 1538 moveri
482 1479 566 1552 solet,
585 1479 760 1556 egregieque
779 1477 864 1536 nobis
884 1468 1080 1536 adulescenti-

27 1585 51 1625 11
65 1565 120 1625 bus
162 1565 271 1625 dixisse
312 1569 469 1626 accusator
506 1565 676 1626 Cossutiani
718 1565 873 1642 Capitonis
913 1565 1080 1639 videbatur,

65 1653 177 1715 Graece
202 1654 330 1732 quidem,
354 1657 458 1715 sedin
482 1655 561 1715 hunc
584 1675 716 1717 sensum:
741 1651 899 1715 ‘erubescis
923 1654 1080 1715 Gaesarem

62 1738 191 1803 timere'.
210 1762 325 1803 summa
339 1747 439 1805 tamen
455 1745 624 1804 concitandi
639 1746 773 1804 adfectus
792 1744 985 1804 accusatori
977 1764 1009 1803 m
1022 1737 1079 1803 hoc
1095 1744 1132 1799 11

64 1837 117 1907 est,
140 1832 229 1907 utid,
253 1833 332 1908 quod
351 1833 468 1909 obiecit,
492 1837 547 1892 aut
565 1853 657 1909 quam
674 1824 904 1893 atrocissimum
910 1836 964 1892 aut
978 1835 1079 1902 etiam,

63 1923 89 1982 si
110 1921 187 1980 fieri
216 1924 325 1999 potest,
357 1942 447 1998 quam
479 1925 607 1982 maxime
638 1921 807 1982 miserabile
839 1940 902 1981 csse
933 1921 1079 1981 videatur.

29 2029 51 2070 ac
64 2012 208 2071 atrocitas
231 2012 336 2071 crescit
358 2030 393 2070 ex
412 2012 472 2071 his:
495 2012 567 2087 quid
590 2012 704 2071 factum
727 2014 776 2086 sit,
799 2030 817 2069 a
841 2030 909 2087 quc,
930 2010 961 2070 in
982 2031 1079 2087 quem,

61 2120 124 2176 'quo
144 2101 254 2175 animo,
278 2119 336 2175 quo
354 2102 497 2176 tempore,
522 2120 582 2176 quo
596 2101 671 2175 loco,
673 2140 676 2145 ·
690 2111 750 2176 quo
763 2099 865 2175 modo·
889 2119 964 2176 quae
979 2101 1079 2159 omnia

63 2189 198 2248 infinitos
220 2191 369 2248 tractatus
391 2189 511 2249 habent.
534 2190 689 2265 pulsatum
713 2189 876 2265 querimur:
894 2189 941 2248 de
963 2209 995 2248 re
1018 2189 1079 2264 pri·
1094 2188 1132 2243 1ss

63 2298 145 2337 mum
169 2279 236 2354 ipsa
259 2279 427 2354 dicendum,
450 2282 515 2337 tum
539 2281 565 2338 11
588 2297 683 2354 senex,
707 2279 732 2339 si
754 2299 837 2354 puer,
867 2280 893 2338 si
920 2280 1102 2379 magistra,

63 2367 319 2443 tus,siprobus,
349 2368 472 2427 sibene
499 2368 535 2426 dc
558 2387 590 2427 re
613 2325 733 2443 publica
760 2369 898 2443 meritus,
930 2370 1021 2426 etiam
1053 2366 1104 2426 si

26 2474 49 2515 u
62 2474 220 2534 percussus
245 2458 285 2542 sit
308 2476 326 2516 a
348 2458 404 2517 vili
427 2458 528 2532 aliquo
552 2460 780 2560 contemptoque
803 2457 852 2517 vel
876 2476 910 2514 ex
929 2455 1078 2516 contrario

61 2547 236 2622 apotente
245 2538 372 2605 nimium
395 2547 443 2605 vel
467 2546 504 2606 ab
527 2565 571 2620 eo,
602 2566 660 2621 quo
683 2547 805 2604 minime
830 2548 974 2621 oportuit,
999 2547 1029 2605 et
1052 2547 1079 2605 si

62 2634 213 2694 die'forte
236 2635 373 2694 sollemni
406 2639 459 2694 aut
490 2636 528 2694 iis
555 2636 753 2711 temporibus,
781 2655 848 2694 cum
875 2635 988 2694 iudicia
1015 2629 1130 2694 eius?

60 2726 105 2783 111
128 2726 258 2783 maxime
282 2727 499 2798 exercerentur,
527 2725 634 2783 autin
662 2726 791 2783 sollicito
820 2726 952 2784 civitatis
980 2727 1078 2798 statu,

61 2815 140 2877 item,
150 2809 220 2891 <11>
234 2815 267 2872 in
280 2815 407 2893 theatro,
421 2813 453 2872 in
471 2815 592 2889 templo,
615 2816 647 2871 in
665 2816 812 2888 contione,
831 2815 937 2873 crescit
954 2813 1078 2887 invidia,

21 2905 93 2962 acet
115 2904 143 2961 si
164 2922 225 2962 non
249 2921 346 2962 errore
370 2921 423 2961 neo
446 2905 492 2961 ira
515 2903 563 2963 vel
587 2904 687 2978 etiam,
712 2905 737 2962 si
760 2905 837 2962 forte
859 2904 915 2975 ira,
943 2903 994 2962 sed
1021 2901 1129 2960 111-17

62 2991 236 3067 qua,·quod
254 2994 336 3068 patri
355 2992 507 3065 adfuisset,
531 2993 611 3068 quod
624 2992 833 3068 respondisset,
858 2993 938 3067 quod
950 2993 1077 3051 honores

60 3083 166 3140 contra
195 3083 324 3157 peteret,
357 3084 387 3141 et
420 3082 447 3140 11
473 3082 541 3156 plus
572 3082 664 3139 etiem
693 3081 789 3139 videri
816 3083 916 3156 potest
947 3081 1077 3141 voluisse

60 3188 152 3246 qnam
176 3170 264 3245 fecit,
286 3170 450 3245 plurimum
473 3175 574 3229 tamen
598 3170 696 3228 adfert
720 3171 887 3230 atrocitatis
910 3170 1028 3245 modus,
1051 3172 1078 3229 si

133 3363 150 3411 a
169 3363 195 3425 1,
214 3363 256 3430 11,
275 3360 309 3410 ca

133 3535 240 3590 eiecit
255 3545 278 3587 Δ
351 3536 702 3594 1211111ἀ11Κ11111111
774 3542 810 3590 ‘lt
831 3536 859 3589 si
876 3536 937 3591 odd
953 3535 1048 3588 111111
1095 3567 1097 3570 -
