2460 3854
409 804 573 882 LIBER
601 804 811 880 PRIMUS.

472 1069 750 1135 Prooemium.

163 1216 239 1276 Post
261 1217 444 1293 inpetratum
463 1217 570 1277 studiis
590 1220 663 1278 meis
682 1221 822 1294 quietem,
845 1237 922 1294 quae
939 1238 993 1295 per
1006 1220 1117 1296 viginti
1135 1228 1151 1281 1

97 1320 202 1365 annos·
216 1305 386 1366 erudiendis
410 1307 566 1366 iuvenibus
586 1308 789 1383 inpenderam‚
809 1326 876 1366 cum
895 1326 914 1366 a
931 1325 978 1367 me
994 1308 1115 1384 quidam

71 1395 289 1454 sfamiliariter
321 1395 525 1471 postularent,
561 1399 596 1456 ut
633 1397 748 1472 aliquid
781 1397 816 1455 de
848 1397 967 1456 ratione
998 1397 1117 1456 dicendi

96 1503 318 1560 componerem,
341 1484 393 1543 diu
416 1503 482 1544 sum
504 1486 645 1561 equidem
667 1487 847 1559 reluctatus,
876 1486 956 1561 quod
978 1490 1115 1546 auctores

96 1575 253 1649 utriusque
280 1575 401 1651 linguae
429 1575 610 1634 clarissimos
638 1593 697 1634 nou
720 1575 896 1652 ignorabam
918 1576 1014 1634 multe
1039 1595 1114 1650 quae

96 1663 134 1723 ad
165 1663 222 1721 hoo
258 1681 333 1738 opus
365 1665 550 1739 pertinerent
582 1664 811 1742 diligentissime
843 1666 956 1739 scripta
987 1666 1114 1740 posteris

94 1753 259 1828 reliquisse.
289 1753 340 1811 sed
368 1772 427 1828 qua
455 1772 509 1830 ego
538 1773 572 1811 ex
596 1772 686 1812 causa
709 1753 874 1812 faciliorem
897 1754 972 1813 mihi
993 1754 1149 1815 veniamt

61 1859 178 1900 nemeae
202 1841 419 1917 deprecationis
442 1841 612 1901 arbitrabar
635 1843 707 1915 fore,
730 1843 787 1902 hac
810 1842 1048 1901 accendebantur
1066 1843 1114 1902 illi

94 1932 201 2007 magis,
224 1929 305 2006 quod
328 1931 407 1989 inter
430 1931 561 1990 diversas
585 1932 738 2008 opiniones
761 1933 896 2008 priorum
919 1934 949 1990 et
967 1932 1113 2006 quasdam

95 2021 186 2078 etiam
213 2021 292 2078 inter
320 2037 352 2079 se
379 2020 544 2080 contrarias
572 2021 703 2081 difficilis
732 2024 809 2081 esset
832 2021 951 2095 electio,
980 2023 1015 2079 ut
1037 2021 1112 2078 mihi

94 2111 119 2167 ei
146 2127 208 2167 non
235 2109 406 2167 inveniendi
432 2128 520 2183 nova,
550 2113 583 2168 at
610 2113 689 2169 certe
716 2110 870 2168 iudicandi
898 2110 933 2167 de
961 2110 1111 2170 veteribus

92 2198 248 2275 iniungere
271 2197 404 2257 laborem
427 2217 487 2257 non
510 2199 621 2258 iniuste
643 2199 824 2258 viderentur.
849 2199 986 2274 quamvis
1010 2201 1147 2262 autema

62 2303 81 2342 15
93 2306 152 2345 non
175 2290 240 2346 tam
262 2307 309 2345 me
332 2287 464 2347 duceret
491 2289 665 2363 praestandi
693 2288 772 2364 quod
800 2287 974 2366 exigebatur
1000 2288 1110 2348 fiducia

92 2395 184 2452 quam
206 2377 336 2454 negandi
358 2377 546 2451 verecundia,
573 2378 665 2436 latius
694 2396 724 2436 se
746 2380 848 2437 tamen
871 2379 1025 2452 aperiente
1047 2397 1110 2436 ma-

90 2467 168 2524 teria
191 2466 259 2540 plus
283 2485 374 2541 quam
396 2466 597 2540 inponebatur
619 2468 716 2526 oneris
742 2469 847 2542 sponte
870 2468 995 2542 suscepi,
1018 2467 1109 2526 simul

89 2558 124 2613 ut
152 2554 287 2630 pleniore
315 2553 457 2629 obsequio
486 2556 651 2615 demererer
675 2558 896 2615 amantissimos
918 2554 990 2629 mei,
1019 2555 1109 2615 simul

88 2663 125 2702 ue
156 2644 312 2721 vulgarem
342 2644 423 2702 viam
450 2646 601 2721 ingressus
629 2646 734 2705 alienis
762 2645 881 2704 demum
904 2644 1039 2723 vestigiis
1062 2645 1107 2702 in·

48 2741 73 2804 ,20
89 2735 234 2792 sisterem.
257 2752 326 2791 nam
350 2734 441 2792 ceteri
464 2734 535 2808 fere,
559 2737 611 2809 qui
634 2738 730 2794 artem
753 2735 858 2794 orandi
880 2734 990 2793 litteris
1013 2734 1143 2798 tradi-4

87 2822 210 2896 derunt,
240 2822 283 2880 ita
307 2825 377 2880 sunt
400 2825 509 2898 exorsi,
537 2823 623 2899 quasi
647 2823 787 2899 perfectis
811 2823 891 2882 omni
914 2823 975 2882 alio
999 2842 1106 2900 genere

87 2911 241 2970 doctrinae
269 2929 416 2970 summam
439 2912 471 2970 in
494 2912 666 2988 eloquentia
688 2933 810 2971 manum
829 2915 1015 2987 inponerent,
1043 2914 1106 2972 siva

86 3003 309 3060 contemnentes
332 3003 487 3077 tamqnam
509 3021 604 3078 parva
628 3022 704 3077 opusc
726 3005 809 3078 prius
833 3001 973 3061 discimus
996 3003 1106 3076 studia,

86 3091 150 3149 sive
178 3109 237 3148 non
266 3090 305 3147 ad
328 3108 416 3149 suum
438 3093 587 3166 pertinere
611 3092 741 3151 officium
765 3091 889 3168 opinati,
917 3091 1037 3165 quando
1061 3092 1104 3149 di·
1172 3127 1173 3131 =

48 3188 65 3229 δ
85 3181 168 3239 visae
191 3178 410 3255 professionum
428 3181 507 3238 vices
526 3185 632 3255 essent,
656 3200 716 3256 seu,
741 3181 820 3256 quod
838 3179 1006 3256 proximum
1024 3200 1103 3255 vero,

84 3269 202 3327 nullam
230 3269 344 3346 ingenii
375 3271 528 3344 sperantes
559 3272 688 3346 gratiam
719 3271 797 3328 circa
827 3289 873 3329 res
904 3269 1023 3328 etiamsi
1052 3289 1102 3328 ne-

157 3443 191 3492 22
211 3437 240 3492 in
259 3439 316 3492 incl
331 3439 427 3505 Halm,
447 3439 499 3507 def
515 3438 688 3498 Godlbaoheo
707 3438 801 3498 eollX
819 3446 850 3510 i,
864 3445 900 3494 t‘l

935 3530 971 3586 ,a
