2460 3854
432 139 480 196 m
500 146 525 208 t,
545 144 660 195 orss-u.
994 139 1058 204 153

74 309 104 367 ita
120 307 170 370 non
198 312 256 370 erit
284 313 389 385 status,
420 310 472 370 sed
505 312 717 386 quaestionum
749 327 851 386 genus,
882 309 996 385 alioqui
1028 312 1059 368 et

73 399 198 461 rationalis
222 402 320 460 status
343 402 427 459 osset
459 419 494 458 ex
515 399 553 459 iis
573 400 673 474 etiam,
702 417 776 474 quoe
800 398 943 474 speciales
969 416 1057 458 voea-
1072 406 1112 462 68

72 485 128 562 ban,
141 490 253 548 removi
265 489 504 562 translationem,
522 489 695 563 frequenter
707 487 828 563 quidem
843 479 934 569 (siout
948 506 1058 562 omnes,

74 578 110 649 qui
123 597 163 636 me
181 579 276 637 secuti
295 580 373 652 sunt,
390 578 561 637 meminisse
579 569 719 657 possunt)
741 579 872 636 testatus
892 580 921 635 et
940 578 971 634 in
984 577 1058 652 ipsis

56 666 138 724 setiam
159 667 220 726 illis
243 665 427 726 sermonibus
446 685 494 725 me
511 666 777 742 nolentes-algetis
796 665 851 724 hoo
869 668 971 724 tamen
989 684 1057 724 oon-

71 752 156 832 ploius,
177 758 228 815 vix
251 756 284 814 in
305 756 370 814 ulla
393 755 596 815 controversia
614 754 821 813 translationis
840 756 955 813 statum
971 771 1058 830 posse

71 844 177 920 reperiri
198 847 235 904 ut
256 863 317 903 non
340 847 371 904 et
393 846 472 903 elius
500 846 533 903 in
561 843 666 902 eadem
694 846 774 902 reete
809 843 868 901 dioi
899 843 1059 917 videretur,

71 929 169 1009 ideoque
192 953 211 993 a
233 933 414 1010 quibusdam
438 953 505 991 eum
529 935 688 992 exclusum.
712 951 810 1008 neque
832 933 937 1010 ignoro
961 934 1059 990 multa
1073 939 1114 994 69
1196 979 1197 982 ¹

70 1023 208 1098 transferri,
232 1041 301 1082 oum
323 1023 356 1081 in
374 1021 511 1082 omnibus
530 1023 591 1082 fere
610 1022 718 1097 nausis,
740 1022 773 1079 in
792 1021 899 1096 quibus
918 1020 1058 1079 oeoidisse

49 1121 62 1160 1⁰
70 1112 118 1182 quis
136 1111 264 1171 formula
287 1111 405 1185 dieitur,
432 1112 489 1170 hae
516 1111 578 1170 sint
604 1112 802 1186 quaestiones,
832 1105 882 1168 ‘an
909 1110 990 1183 huie,
1020 1128 1058 1167 an

69 1213 119 1257 eun
136 1202 199 1276 hoo,
221 1219 262 1260 an
283 1201 341 1259 hae
367 1200 442 1278 lege,
471 1220 510 1258 an
537 1200 617 1275 apud
644 1200 735 1268 huno,
767 1218 806 1257 an
837 1198 893 1257 hoo
925 1202 1059 1273 tempore

69 1283 136 1349 leat
157 1285 256 1368 agere'
281 1292 312 1349 et
332 1289 359 1348 si
383 1307 443 1365 qua
467 1291 536 1348 sunt
558 1289 643 1347 talia.
667 1287 718 1346 aad
738 1306 891 1364 personae,
913 1290 1058 1362 tempora,
1076 1293 1115 1348 711

69 1377 174 1438 sationes
198 1382 356 1454 ceteraque
379 1382 502 1454 propter
525 1378 659 1452 aliquam
682 1395 803 1436 oausam
825 1376 1060 1435 transferuntur:
1168 1371 1171 1376 ’

69 1461 101 1522 ila
117 1487 171 1527 non
194 1471 240 1527 est
261 1468 295 1526 in
317 1467 514 1527 translatione
539 1468 684 1542 quaestio,
717 1466 768 1526 sed
798 1469 829 1524 in
858 1483 905 1541 eo,
938 1468 1061 1541 propter

48 1564 60 1603 1⁵
69 1555 128 1626 quod
155 1557 385 1616 transfmntur.
425 1552 496 1615 ‘non
527 1554 615 1615 <lebes
647 1556 728 1631 apud
758 1558 927 1630 praetorem
959 1557 1060 1631 petere

68 1638 332 1720 fideicommissum,
355 1646 408 1704 sed
426 1645 506 1721 apud
524 1645 673 1705 eonsules:
697 1645 793 1703 maior
811 1646 892 1702 enim
909 1646 1061 1720 praetoria

69 1737 213 1810 ognuone
236 1753 352 1794 summa
375 1728 441 1794 aat'.
469 1735 638 1809 quaeritur,
670 1753 708 1791 an
735 1735 832 1792 maior
863 1752 979 1793 summa
1006 1734 1060 1792 sit:

68 1817 121 1881 faeti
142 1825 345 1885 controversia
368 1826 420 1883 est.
445 1817 516 1882 ‘non
539 1824 611 1882 lieet
630 1823 686 1882 tibi
705 1841 792 1900 agere
806 1841 935 1881 meeum:
959 1823 1060 1899 oogni·
1077 1827 1112 1881 71

68 1909 102 1967 lor
119 1914 194 1973 enim
216 1913 282 1973 fieri
304 1931 365 1972 non
386 1908 538 1989 potuisti':
571 1913 716 1971 iudieatio
744 1931 784 1970 an
811 1913 951 1987 potuerit.
990 1906 1061 1969 ‘non

48 1994 175 2063 »robusti
197 2002 385 2076 interdicere,
408 2002 460 2062 sed
481 1997 608 2078 petere':
637 2021 676 2060 an
697 2004 777 2060 reete
800 2001 993 2059 interdictum
1020 2001 1060 2057 sit

68 2089 216 2170 ambigitu.
247 2110 324 2167 quae
346 2091 447 2152 omnia
476 2091 639 2150 suooedunt
660 2090 803 2167 legitimis
827 2088 1059 2165 quaestionibus.

68 2190 96 2232 ²11
112 2200 166 2239 non
189 2181 448 2258 praescriptiones,
476 2182 568 2238 etiam
590 2181 622 2238 in
652 2179 759 2254 quibus
786 2179 915 2237 maxime
942 2178 1061 2237 videtur
1076 2180 1114 2237 72

67 2269 204 2330 mnfests
226 2271 395 2344 translatio,
423 2270 541 2329 easdem
570 2287 671 2327 omnes
699 2270 811 2343 speeies
838 2267 958 2340 habent,
987 2286 1060 2342 quas

68 2360 211 2437 seleges,
235 2359 343 2435 quibus
366 2360 476 2437 agitur,
498 2360 534 2417 ut
556 2361 610 2416 aut
633 2357 668 2416 de
691 2357 809 2415 nomina
829 2361 882 2415 aut
900 2357 1012 2432 scripto
1031 2358 1061 2413 et

48 2448 193 2508 ⁵sententia
211 2447 261 2507 vel
288 2448 519 2507 ratiocinatione
550 2445 732 2521 quaeratur?
763 2445 868 2505 deinde
895 2448 993 2505 status
1025 2464 1061 2503 ex

68 2539 220 2601 quaestione
244 2539 356 2597 oritur:
387 2537 547 2596 translatio
575 2535 748 2594 nonhabet
779 2537 992 2610 quaestionem,
1024 2535 1060 2592 de

67 2633 113 2690 lua
136 2626 286 2687 contendit
317 2629 427 2704 orator,
459 2625 510 2684 sed
539 2628 662 2701 propter
695 2644 787 2700 quam
817 2624 977 2683 contendit.
1005 2624 1060 2684 hoe
1077 2626 1115 2681 78

67 2716 178 2780 apertius
216 2710 364 2776 ‘oooidisti
404 2715 566 2774 hominem:
608 2734 668 2773 non
700 2709 816 2772 oooidi':
854 2716 989 2788 quaestio
1022 2733 1060 2771 an

67 2803 196 2879 Occiderit,
220 2808 316 2864 status
335 2806 513 2864 oonieotura.
536 2806 660 2862 nonest
682 2804 744 2861 tale
773 2799 879 2862 ‘habeo
897 2804 944 2861 ius
969 2805 1060 2861 aetio-

47 2882 113 2947 lssis:
132 2913 188 2953 non
210 2888 323 2954 habea':
346 2898 381 2953 ut
404 2893 443 2953 sit
466 2896 602 2968 quaestio
623 2912 661 2950 an
679 2893 797 2965 habeat,
820 2894 851 2951 et
868 2892 937 2950 inde
956 2894 1060 2951 status.

66 2977 176 3056 accipiat
198 2985 277 3042 enim
305 2982 453 3042 sotionem
479 3000 571 3042 neone
599 2982 638 3040 ad
665 2986 804 3040 eventum
835 2982 974 3056 pertinet,
1001 2999 1061 3039 non

66 3061 96 3120 ld
107 3086 229 3147 oausam,
252 3074 283 3131 et
296 3072 335 3130 ad
348 3071 388 3147 id,
404 3071 483 3146 quod
501 3072 678 3148 pronuntiat
691 3071 788 3145 iudex,
811 3089 871 3128 non
884 3070 925 3143 id,
938 3073 1062 3144 propter

66 3159 129 3222 qlod
141 3161 324 3237 pronuntiat.
339 3161 394 3220 hoo
407 3162 455 3219 illi
469 3162 566 3219 simile
581 3163 626 3219 est
642 3156 820 3234 ‘puniendus
835 3177 878 3217 es:
892 3178 952 3217 non
967 3154 1060 3216 sum’:
1078 3158 1115 3214 74

65 3239 161 3308 videbit
173 3251 262 3311 iudex
276 3270 314 3310 an
327 3250 495 3326 puniendus
510 3251 559 3323 sit,
582 3249 634 3308 sed
647 3268 708 3307 non
721 3249 769 3307 hio
784 3248 841 3306 erit
856 3249 991 3323 quaestio
1006 3266 1060 3306 neo

47 3320 104 3390 *hic
122 3343 223 3400 status.
256 3339 308 3399 ubi
331 3337 423 3418 ergo?
461 3333 639 3414 ‘puniendus
663 3355 702 3411 es,
734 3338 885 3396 hominem
913 3336 1061 3395 oeoidisti:

62 3423 259 3452 g.-

124 3478 153 3526 12
171 3474 222 3528 sed
238 3477 357 3544 utpere.
373 3472 515 3527 Francius
588 3477 620 3524 lb
640 3469 726 3525 debet
739 3481 762 3523 A
836 3476 868 3523 17
888 3469 997 3522 maiore
1014 3474 1066 3536 Qie

60 3539 138 3594 maior
153 3549 213 3615 ea?)
229 3555 254 3598 A
332 3551 363 3599 21
386 3544 539 3602 succidunt
558 3545 625 3602 171)ι
