2438 3832
159 137 226 203 256
461 137 689 203 QVINTILIANl
706 137 797 192 INST.
818 135 873 191 ΟΒ.

159 306 271 365 habent
293 310 383 381 recta,
407 326 501 383 prava
524 309 629 366 contra
652 327 686 365 ex
710 307 794 366 falsis
823 305 1013 381 opinionibus
1041 308 1178 366 veniunt.

160 415 231 453 nam
254 398 299 454 est
316 396 362 454 his
385 397 507 454 initium
531 415 566 454 ex
588 399 635 470 iis,
659 415 735 471 quae
754 395 880 454 credunt
906 395 984 453 bona
1008 399 1064 454 aut
1086 397 1178 470 mala,

160 484 229 543 inde
254 504 365 544 errores
390 486 521 544 existunt
544 487 575 543 et
596 486 718 560 pessimi
742 484 884 558 adfectus,
912 486 945 542 in
974 483 1083 559 quibus
1108 488 1179 545 sunt

158 575 215 647 ira,
239 572 347 649 odium,
366 573 490 645 invidia,
514 574 671 649 cupiditas,
695 592 770 649 spes,
794 574 932 647 ambitus,
955 573 1093 648 audacia,
1117 593 1177 633 me-

160 666 218 736 tus,
242 665 340 721 cetera
363 665 478 739 generis
502 663 646 722 eiusdem.
676 663 820 722 accedunt
847 662 1010 736 aliquando
1039 663 1177 736 fortuita,

161 750 298 825 ebrietas,
320 753 500 830 ignorantia,
525 770 600 826 quae
619 753 741 810 interim
761 752 799 810 ad
821 753 940 810 veniam
963 752 1076 825 valent,
1099 753 1177 811 inte-

160 843 217 898 rim
241 839 509 916 adprobationem
533 842 675 914 criminis,
702 843 736 898 ut
763 842 790 899 si
817 841 892 915 quis,
921 841 992 898 dum
1020 841 1076 897 alii
1104 843 1176 899 insi-

105 936 145 991 35
162 929 271 1001 diatur,
301 930 394 987 alium
418 929 528 987 dieitur
556 931 751 989 interemisse.
784 947 890 987 causae
922 947 1010 1004 porro
1043 948 1105 988 non
1139 930 1177 987 ad

161 1018 395 1077 convincendum
417 1018 505 1077 modo
530 1018 608 1093 quod
639 1017 775 1091 obicitur,
805 1017 857 1076 sed
888 1018 926 1076 ad
957 1018 1176 1076 defendendum

162 1125 279 1182 quoque
303 1109 402 1166 excuti
425 1108 530 1184 solent,
561 1126 628 1165 cum
657 1109 724 1182 quis
748 1126 779 1166 se
810 1109 890 1165 recte
920 1107 1033 1180 fecisse,
1065 1107 1098 1164 id
1131 1110 1174 1166 est
1186 1123 1205 1164 n

160 1195 284 1255 honesta
307 1214 395 1254 causa
419 1196 584 1254 contendit:
612 1215 671 1271 qua
695 1195 730 1254 de
752 1215 784 1254 re
807 1196 900 1254 latius
927 1197 959 1253 in
982 1197 1074 1254 tertio
1097 1196 1174 1255 libro

105 1292 146 1347 et
161 1284 274 1343 dictum
297 1288 349 1343 est.
373 1285 517 1344 finitionis
542 1302 660 1360 quoque
680 1286 868 1360 quaestiones
888 1303 922 1342 ex
941 1284 1038 1343 causis
1053 1286 1174 1343 interim

161 1373 303 1449 pendent:
328 1394 366 1432 an
389 1374 587 1449 tyrannicida,
612 1376 663 1449 qui
686 1376 856 1449 tyrannum,
884 1392 902 1431 a
926 1390 987 1451 quo
1012 1373 1173 1448 deprensus

160 1464 192 1520 in
216 1462 362 1521 adulterio
385 1464 492 1536 fuerat,
516 1461 646 1522 occidit?
676 1483 714 1521 an
737 1462 907 1539 sacrilegus,
932 1463 993 1537 qui,
1016 1465 1051 1519 ut
1074 1463 1173 1522 hostes

160 1550 233 1609 urbe
261 1552 429 1626 expelleret,
460 1570 543 1609 arma
574 1553 685 1627 templo
716 1551 813 1609 adfixa
845 1549 994 1609 detraxit?
1025 1551 1174 1610 ducuntur
1186 1569 1207 1609 15

103 1648 144 1702 a?
162 1643 337 1717 argumenta
355 1645 386 1699 et
400 1660 434 1698 ex
448 1642 522 1700 loco.
546 1643 697 1715 spectatur
716 1642 796 1698 enim
814 1640 853 1697 ad
870 1638 959 1698 fidem
977 1638 1173 1715 probationis,

160 1730 319 1788 montanus
339 1748 378 1786 an
396 1731 512 1805 planus,
531 1731 699 1789 maritimus
720 1749 758 1788 an
777 1728 1017 1801 mediterraneus,
1042 1729 1173 1788 consitus

162 1837 199 1875 an
222 1818 361 1892 incultus,
384 1819 522 1894 frequens
547 1837 584 1876 an
609 1818 750 1892 desertus,
777 1818 939 1893 propincus
966 1836 1005 1875 an
1032 1820 1174 1891 remotus,

161 1909 346 1982 opportunus
375 1908 507 1967 consiliis
536 1927 573 1964 an
598 1907 751 1966 adversus:
785 1926 875 1982 quem
898 1908 1015 1981 partem
1038 1907 1174 1966 videmus

103 2004 145 2059 38
160 1996 417 2055 vehementissime
442 2016 496 2072 pro
519 1996 631 2054 Milone
653 1997 797 2055 tractasse
826 1994 1004 2054 Ciceronem.
1038 1997 1069 2052 et
1101 1996 1174 2054 haec
1187 2014 1211 2054 so

162 2086 281 2160 quidem
296 2104 330 2145 ac
344 2086 455 2144 similia
470 2086 507 2144 ad
522 2086 722 2144 coniecturam
740 2084 925 2159 frequentius
938 2085 1099 2159 pertinent,
1123 2084 1175 2143 sed

161 2175 281 2232 interim
305 2175 342 2232 ad
365 2177 412 2232 ius
443 2193 574 2250 quoque:
604 2176 740 2249 privatus
769 2193 807 2231 an
839 2172 985 2248 publicus,
1019 2191 1103 2232 sacer
1136 2193 1174 2231 an

160 2264 313 2339 profanus,
345 2267 446 2322 noster
469 2283 507 2321 an
531 2265 655 2337 alienuS,
688 2265 722 2320 ut
751 2264 782 2319 in
813 2279 939 2338 persone
969 2262 1175 2338 magistratus

102 2359 146 2413 39
161 2356 254 2428 pater,
277 2355 459 2428 peregrinus,
483 2353 552 2410 hinc
576 2354 656 2411 enim
679 2353 867 2426 quaestiones
887 2350 1037 2408 oriuntur:
1062 2346 1173 2426 ‘priva-

160 2445 224 2499 tam
246 2443 404 2516 pecuniam
427 2443 584 2515 sustulisti,
607 2460 710 2500 verum
733 2441 804 2516 quia
828 2439 864 2498 de
886 2439 1008 2513 templo,
1032 2457 1094 2497 non
1111 2440 1174 2497 fur·
1188 2458 1212 2497 ee

160 2534 233 2603 tum,
261 2531 311 2589 sed
336 2531 524 2608 saerilegium
548 2524 612 2589 est'.
642 2524 789 2588 ‘occidisti
817 2528 981 2599 adulteroS,
1013 2527 1094 2603 quod
1126 2529 1174 2587 lex

160 2619 317 2694 permittit,
341 2621 392 2678 sed
415 2622 488 2696 quie
510 2622 542 2678 in
566 2619 714 2694 lupanari,
737 2618 839 2676 caedes
864 2611 928 2676 est’.
954 2611 1109 2676 ‘iniuriam
1132 2618 1173 2674 fe-

103 2713 147 2770 40
162 2707 238 2780 cisti,
262 2707 312 2766 sed
336 2711 407 2784 quia
429 2711 628 2787 magistratui,
650 2707 817 2765 maiestatis
842 2707 920 2764 actio
944 2699 1008 2764 est’.
1033 2707 1082 2764 vel
1106 2707 1187 2765 con-'

160 2799 221 2854 tra:
245 2789 350 2872 licuit,
375 2798 445 2873 quia
467 2800 554 2874 pater
577 2816 666 2871 eram,
691 2799 761 2871 quia
784 2789 999 2873 magistratus’.
1023 2794 1075 2852 sed
1095 2797 1174 2854 circa

161 2884 235 2941 facti
258 2887 489 2945 controversiam
512 2888 687 2964 argumenta
710 2888 874 2960 praestant,
904 2885 983 2943 cirea
1006 2885 1081 2941 iuris
1105 2885 1173 2943 lites
1187 2902 1212 2941 so

161 2975 319 3032 materiam
343 2976 558 3049 quaestionum.
588 2975 625 3033 ad
650 2975 828 3050 qualitatem
856 2990 974 3048 quoque
1002 2973 1175 3047 frequenter

233 3186 354 3234 20c20

233 3386 265 3432 12
285 3378 420 3433 finitionis
434 3395 544 3446 quoque
565 3376 756 3447 quaestiones]
775 3375 914 3428 finitiones
931 3383 982 3425 BP
1037 3378 1069 3426 16
1090 3389 1169 3442 speo-

160 3453 205 3505 tat
222 3451 361 3521 Spaldiap
379 3451 410 3517 cf
426 3450 480 3504 cte.
501 3449 533 3503 dc
551 3451 651 3503 taceat.
671 3447 684 3500 I
703 3453 736 3501 30
810 3453 843 3499 22
864 3446 962 3498 adius
982 3454 1019 3497 1’:
1039 3443 1175 3498 aditusB

146 3523 269 3578 adiutus
286 3535 310 3578 Α
387 3529 420 3580 26
441 3522 484 3579 est
502 3538 547 3579 oon
564 3529 588 3573 A
603 3520 610 3588 l
625 3517 786 3574 adulterum
804 3527 865 3570 Pae
