2460 3854
485 112 520 170 V.
541 117 583 179 13,
602 116 715 166 28-36.
1042 111 1109 175 293

94 279 327 340 exheredatum?
360 283 487 341 ethaeo
511 281 613 340 Cicero
641 300 775 358 pugnare
807 280 935 340 invicem
962 280 1105 340 ostendit:
1123 279 1162 334 33

97 365 158 429 'sed
179 374 223 446 tu,
246 371 322 446 Atti,
347 371 523 445 consideres,
546 389 658 446 censeo,
682 370 854 448 diligenter,
881 374 982 429 utrum
1010 388 1108 429 censo·

96 462 171 518 rium
193 459 340 518 iudicium
363 479 453 538 grave
476 460 550 519 velis
575 478 636 519 esse
656 478 695 517 an
714 459 833 537 Egnati.
857 459 884 518 si
901 459 1022 536 Egnati,
1043 459 1109 517 leve

99 552 147 622 est,
171 548 251 624 quod
275 567 408 608 censores
432 550 468 607 de
492 550 597 608 ceteris
625 548 876 623 subscripserunt,
903 549 1002 622 ipsum
1030 549 1109 606 enim

66 636 229 697 anaeum
252 638 425 715 Egnatium,
448 657 536 714 quem
558 641 592 695 tu
616 657 737 716 gravem
766 656 828 697 esse
854 639 911 711 vis,
939 656 974 695 ex
1002 640 1109 696 senatu

98 729 252 786 eiecerunt.
278 728 438 785 sinautem
453 745 615 800 censorum,
633 727 712 785 hunc
727 727 900 803 Egnatium,
920 745 1008 801 quem
1021 729 1109 801 pater

98 818 229 876 censoria
248 815 466 892 subscriptione
485 816 684 890 exheredavit,
704 834 838 874 censores
856 817 888 872 in
907 819 1021 890 senatu,
1040 833 1109 874 cum

97 909 210 980 patrem
235 905 398 978 eiecissent,
421 901 628 964 retinueumt'.
651 905 706 963 illa
729 906 826 982 magis
840 903 949 963 vitiose
967 904 1108 962 dicuntur
1122 901 1162 958 34

97 1014 184 1069 quam
215 997 302 1053 acute
329 995 561 1070 reprendantur,
589 996 797 1070 argumentum
826 993 947 1051 dubium
976 1011 1030 1068 pro
1057 1012 1108 1049 ne-

64 1085 237 1157 iecessario,
269 1085 490 1142 controversum
526 1101 581 1159 pro
612 1083 754 1157 confesso,
790 1101 944 1141 commune
973 1081 1108 1157 pluribus

95 1193 146 1247 pro
183 1175 316 1248 proprio,
352 1173 484 1250 vulgare,
517 1190 744 1247 supervacuum,
777 1172 972 1231 constitutum
1005 1173 1110 1229 contra

95 1261 189 1321 fidem.
214 1280 285 1319 nam
309 1264 339 1320 et
361 1263 415 1319 illa
439 1261 577 1320 accidunt
599 1280 706 1335 parum
729 1263 833 1337 cautis,
863 1263 898 1318 ut
921 1261 1033 1318 crimen
1056 1276 1107 1317 au·

95 1352 193 1428 geant,
217 1350 298 1426 quod
320 1350 507 1426 probandum
532 1354 585 1423 est,
616 1351 651 1408 de
674 1350 754 1409 facto
783 1350 949 1424 disputent,
978 1367 1045 1408 cum
1073 1349 1108 1406 de

96 1443 216 1500 auctore
245 1442 416 1514 quaeratur,
448 1439 637 1514 inpossibilia
660 1438 887 1517 adgrediuntur,
914 1458 968 1514 pro
997 1437 1108 1497 effectis

63 1529 266 1604 rerelinquant
288 1529 410 1588 vixdum
433 1529 581 1603 incohata,
612 1528 648 1585 de
677 1527 796 1586 homine
827 1527 922 1586 dicere
952 1546 1043 1602 quam
1073 1527 1109 1584 de

96 1637 185 1677 causa
207 1617 325 1690 malint,
347 1617 502 1675 hominum
524 1617 600 1676 vitia
622 1617 709 1676 rebus
733 1616 899 1693 adsignent,
926 1620 960 1675 ut
987 1618 1014 1676 si
1041 1618 1109 1691 quis
1124 1622 1162 1678 tt

96 1707 330 1766 decemviratum
344 1709 480 1782 accuset,
504 1725 563 1764 non
582 1705 724 1782 Appium,
747 1707 914 1765 manifestis
932 1709 1108 1782 repugnent,

95 1797 196 1855 dicant
220 1795 300 1871 quod
324 1796 413 1854 aliter
436 1795 533 1871 accipi
554 1797 659 1871 possit,
682 1814 828 1854 summam
848 1794 1032 1870 quaestionis
1049 1814 1109 1852 non

94 1887 279 1958 intueantur,
311 1903 372 1943 non
402 1885 440 1943 ad
472 1887 626 1959 proposita
655 1884 868 1960 respondeant:
907 1883 988 1959 quod
1017 1903 1110 1941 unum

59 1993 82 2034 ao
95 1973 258 2050 aliquando
290 1974 385 2049 recipi
413 1976 525 2048 potest,
564 1991 631 2032 cum
660 1975 741 2031 mala
771 1991 861 2032 causa
890 1972 1033 2031 adhibitis
1062 1991 1109 2029 ex-

93 2065 239 2123 trinsecus
268 2063 407 2122 remediis
439 2062 551 2121 tuenda
588 2065 641 2137 est,
678 2065 713 2122 ut
750 2081 817 2120 cum
848 2063 1005 2137 peculatus
1041 2079 1109 2119 reus

93 2153 201 2211 Verres
225 2152 344 2210 fortiter
368 2154 398 2210 et
420 2153 566 2211 industrie
589 2151 685 2211 tuitus
709 2153 814 2210 contra
836 2153 951 2228 piratas
975 2150 1109 2209 Siciliam

95 2242 213 2301 dicitur.

160 2330 274 2388 Eadem
298 2330 439 2389 adversus
462 2331 710 2391 contradictiones
733 2329 818 2389 nobis
843 2329 994 2405 oppositas
1024 2346 1108 2404 prae·
1123 2335 1162 2390 36

57 2439 81 2480 ae
94 2423 182 2496 cepta
206 2422 284 2492 sunt,
307 2420 363 2478 hoc
385 2423 484 2479 tamen
506 2421 644 2496 amplius,
667 2419 747 2495 quod
766 2421 845 2478 circa
863 2437 912 2478 eas
931 2417 1019 2477 multi
1037 2417 1109 2478 duo-

93 2510 149 2568 bus
173 2509 257 2568 vitiis
282 2508 405 2568 diversis
428 2509 575 2568 laborant.
598 2530 669 2568 nam
692 2509 815 2584 quidam
838 2511 929 2566 etiam
948 2504 1020 2582 <in>
1044 2506 1108 2566 soro

92 2601 248 2674 tamquam
271 2617 335 2656 rem
357 2599 514 2658 molestam
538 2601 568 2655 et
586 2599 719 2658 odiosam
737 2599 928 2675 praetereunt
952 2596 1006 2671 (eis
1030 2598 1109 2654 enim

92 2689 277 2763 plerumque,
302 2706 378 2762 quae
402 2685 567 2762 composita
590 2686 677 2756 domo
697 2688 872 2761 attulerimt,
896 2686 1026 2746 contenti
1046 2687 1108 2743 sine

95 2777 266 2835 adversario
290 2767 416 2857 dicunt),
440 2778 470 2833 et
493 2774 607 2834 scilicet
629 2775 725 2833 multo
747 2779 844 2853 magis
867 2775 900 2833 in
928 2775 1049 2848 scholis,
1076 2776 1109 2833 in

57 2885 81 2925 so
95 2866 204 2941 quibus
223 2885 283 2924 non
302 2866 399 2924 solum
419 2863 667 2923 contradictiones
687 2864 877 2940 omittuntur,
895 2883 998 2924 verum
1017 2866 1108 2922 etiam

166 3059 179 3106 1
202 3059 279 3120 ele,
300 3058 349 3106 isc

165 3220 180 3267 5
201 3213 327 3267 Gnaeum
348 3214 461 3267 Baiter:
480 3229 567 3282 genus
587 3222 609 3263 A
629 3229 672 3266 om
690 3220 744 3265 BP
814 3218 829 3265 6
849 3212 1006 3266 censorium
1026 3221 1053 3263 Ρ

93 3292 108 3339 9
129 3301 215 3354 quam
234 3294 271 3339 1²:
290 3284 366 3352 quod
385 3294 436 3337 AB
508 3290 541 3337 10
561 3282 688 3352 pluribus
708 3299 750 3337 om
768 3292 796 3335 B
874 3290 904 3336 ll
924 3283 1108 3337 constitutum

92 3366 130 3411 B:
151 3374 261 3410 servum
279 3366 321 3408 Ab
340 3356 429 3410 serius
448 3355 633 3410 constitutum
648 3354 714 3407 Μ’
769 3359 801 3407 16
820 3354 890 3407 vitia
907 3354 1032 3409 Obrecht:
1049 3352 1109 3408 vita

92 3438 115 3480 Α
134 3428 295 3492 vitamffl'
365 3433 399 3481 22
418 3430 528 3481 tutatus
543 3426 581 3480 1²¹
653 3431 687 3479 26
706 3425 737 3479 in
755 3426 812 3479 add
826 3427 930 3496 Regius
1015 3430 1047 3477 27
1068 3423 1108 3476 eis

93 3499 181 3568 enim]
201 3501 230 3551 et
249 3499 323 3551 enim
341 3507 396 3551 BP
413 3501 442 3553 et
459 3499 503 3553 his
522 3509 545 3551 Α
565 3501 598 3570 (is
618 3497 663 3570 Αἱ)
738 3501 772 3552 tt
789 3512 854 3551 non
869 3513 915 3551 ona
936 3505 985 3548 AB
