2460 3854
418 123 463 179 vu
483 129 509 191 a,
528 128 642 178 ar-ec.
663 129 687 193 a,
708 129 785 180 1-s.
1045 125 1113 190 329

93 293 248 353 advocati:
277 292 381 352 orbum
410 295 527 372 agimus
555 295 586 352 et
612 294 792 369 naufragum
821 295 851 351 et
882 294 1113 369 periclitantem,
1204 288 1207 292 ’

93 401 221 458 quorum
244 381 368 441 induere
389 401 532 458 personas
556 382 629 459 quid
652 383 769 456 attinet,
791 385 851 442 nisi
870 383 1004 442 adfectus
1024 383 1111 443 adsu-

92 468 224 530 mimus?

160 559 244 619 Haec
277 559 494 619 dissimulanda
524 561 600 619 mihi
631 581 690 620 non
724 561 859 636 fuerunt,
898 560 1004 636 quibus
1036 562 1112 637 ipse,

66 653 354 725 equantuscumque
382 667 446 708 sum
475 652 529 708 aut
556 651 609 726 fui,
641 652 810 726 pervenisse
842 670 889 709 me
922 649 960 708 ad
988 650 1111 726 aliquod

93 757 202 797 nomen
224 739 340 815 ingenii
363 738 463 797 credo:
491 739 662 815 frequenter
684 749 784 799 motus
807 758 886 812 sum,
914 743 948 797 ut
975 759 1022 798 me
1049 759 1110 798 non

92 828 236 886 lacrimae
267 827 363 886 solum
391 828 618 903 deprenderent,
650 828 702 886 sed
729 827 828 903 pallor
855 831 886 887 et
913 830 976 887 veri
1004 829 1111 888 similis

94 917 187 975 dolor.

505 1066 566 1139 [oa
585 1067 689 1140 msu]

59 1203 82 1242 1o
161 1183 217 1242 111.
241 1182 319 1242 Huic
341 1182 459 1243 diversa
482 1186 588 1258 virtus,
620 1203 695 1259 quae
719 1187 812 1244 risum
834 1185 941 1244 iudicis
964 1185 1108 1244 movendo
1128 1194 1147 1249 1

95 1275 125 1330 et
145 1272 216 1332 illos
239 1273 341 1332 tristes
372 1273 462 1332 solvit
490 1272 624 1333 adfectus
652 1277 682 1333 et
715 1276 847 1332 animum
879 1274 917 1332 ab
945 1276 1110 1333 intentione

96 1380 193 1420 rerum
216 1362 389 1436 frequenter
411 1364 522 1421 avertit
546 1365 576 1420 et
603 1363 767 1437 aliquando
796 1365 888 1422 etiam
909 1363 1011 1422 ,reficit
1039 1367 1069 1422 et
1092 1382 1110 1421 a

97 1452 235 1510 satietate
264 1451 312 1510 vel
335 1469 353 1508 a
376 1451 555 1528 fatigatione
582 1455 714 1511 renovat.
743 1455 857 1527 quanta
884 1455 924 1512 sit
952 1455 1051 1510 autem
1078 1454 1110 1510 in

98 1558 129 1597 ea
156 1538 329 1614 difficultas,
361 1541 410 1599 vel
442 1540 500 1598 duo
533 1541 655 1598 maximi
687 1544 829 1614 oratoreS,
862 1542 939 1600 alter
971 1539 1110 1615 Graecae,

66 1647 85 1686 1s
97 1629 171 1687 alter
192 1627 321 1712 Latinae
345 1629 533 1704 eloquentiae
555 1630 701 1706 princeps,
730 1632 849 1689 docent:
876 1650 947 1689 nam
973 1632 1108 1707 plerique
1127 1637 1148 1692 2

98 1716 290 1777 Demostheni
312 1718 489 1777 facultatem
513 1718 639 1778 defuisse
663 1720 732 1778 huic
753 1722 798 1778 rei
817 1720 949 1792 credunt,
974 1718 1110 1779 Ciceroni
1147 1737 1149 1741 ·

97 1807 223 1866 modum.
261 1825 315 1866 nec
346 1807 442 1866 videri
473 1810 573 1883 potest
604 1809 734 1868 noluisse
766 1809 994 1883 Demosthenes,
1026 1811 1109 1868 euius

97 1915 190 1971 pauca
222 1895 384 1956 admodum
416 1896 497 1955 dicta
527 1916 580 1955 nec
614 1916 685 1956 sane
715 1900 820 1957 ceteris
853 1898 915 1956 eius
947 1897 1109 1957 virtutibus

96 1984 305 2061 respondentia
328 1986 431 2062 palam
454 1985 613 2046 ostendunt
642 2006 702 2045 non
734 1987 919 2061 displicuisse
947 1987 994 2044 illi
1020 1988 1110 2061 iocos,

67 2074 145 2134 used
167 2094 229 2134 non
252 2076 420 2152 contigisse.
453 2079 554 2134 noster
581 2095 650 2136 vero
678 2095 738 2135 non
762 2076 858 2134 solum
881 2079 964 2134 extra
987 2076 1107 2151 iudicia,
1126 2083 1147 2136 3

97 2163 143 2223 sed
167 2167 201 2223 in
223 2164 297 2239 ipsis
325 2166 415 2223 etiarn
447 2165 630 2226 orationibus
660 2165 780 2224 habitus
813 2168 858 2224 est
889 2166 1000 2224 nimius
1032 2166 1108 2225 risus

96 2253 269 2312 adfectator.
292 2254 367 2311 mihi
391 2255 518 2328 quidem,
542 2258 604 2315 sive
627 2255 659 2314 id
681 2259 760 2315 recte
787 2254 887 2313 iudico
915 2256 978 2313 sive
1010 2273 1109 2313 amore

95 2342 243 2402 inmodico
267 2344 421 2418 praecipui
442 2345 473 2402 in
497 2346 669 2421 eloquentia
695 2347 754 2406 viri
781 2344 879 2416 labor,
909 2343 986 2401 mira
1019 2363 1108 2418 quae·
1144 2357 1150 2394 .·

80 2431 163 2490 ,dam
186 2433 219 2489 in
242 2450 276 2490 eo
300 2432 417 2490 videtur
442 2434 534 2492 fuisse
561 2434 725 2494 urbanitas.
757 2453 828 2492 nam
857 2436 886 2491 et
913 2435 945 2491 in
973 2437 1147 2493 sermone4

64 2534 84 2577 rs
95 2520 259 2579 cottidiano
287 2521 385 2581 multa
417 2525 447 2579 et
477 2525 510 2579 in
542 2523 786 2582 altercationibus
824 2525 854 2581 et
890 2521 1109 2600 interrogandis

94 2609 221 2668 testibus
244 2609 332 2686 plura
356 2631 446 2686 quam
470 2611 628 2685 quisquam
652 2611 729 2669 dixit
758 2613 866 2685 facete,
894 2614 925 2669 et
952 2612 1005 2669 illa
1033 2612 1109 2687 ipsa,

96 2717 172 2775 quae
197 2700 320 2758 suntin
343 2699 467 2758 Verrem
491 2696 572 2756 dicta
599 2699 753 2776 fn‘gidiuS,
785 2702 853 2760 aliis
886 2700 1056 2777 adsignavit
1079 2704 1110 2759 et

94 2788 259 2848 testimonii
281 2788 347 2847 loco
371 2789 481 2865 posuit,
513 2789 557 2862 ut,
587 2807 646 2863 quo
670 2791 739 2848 sunt
765 2792 862 2868 magis
894 2790 1041 2866 vulgaria,
1074 2809 1108 2848 eo

95 2878 134 2936 sit
158 2876 337 2952 credibilius,
359 2878 414 2936 illa
436 2896 497 2935 non
520 2876 557 2934 ab
581 2880 699 2936 oratore
721 2876 800 2953 ficta,
828 2879 879 2938 sed
906 2881 1019 2955 passim
1046 2897 1108 2937 esse

61 2968 216 3025 niactata.
239 2969 414 3043 utinamque
436 2966 561 3025 libertus
585 2968 647 3024 eius
671 2967 741 3024 Tiro
769 2971 824 3026 aut
850 2968 942 3042 alius,
973 2970 1107 3043 quisquis
1127 2974 1146 3028 ὅ

166 3159 182 3207 5
203 3171 265 3208 sum
284 3153 356 3209 P²Vz
376 3154 430 3208 sim
449 3163 496 3217 My
514 3152 538 3206 is
557 3163 606 3205 Αθ
622 3156 625 3222 Ι
642 3169 675 3206 ac
693 3152 777 3207 fulin
785 3171 833 3208 ras
841 3155 944 3209 maiore
959 3153 997 3207 P'
1012 3157 1107 3223 (quan-

94 3225 253 3292 tiscumque
272 3225 283 3278 i
297 3244 312 3278 e
328 3244 343 3280 s
359 3245 375 3280 e
390 3225 453 3280 ibus
472 3224 630 3295 pervenisse
649 3225 795 3294 dispicitur
813 3242 874 3280 cum
893 3227 966 3280 lacss
982 3228 1045 3294 titt.)

96 3302 109 3351 7
129 3313 193 3350 vere
211 3307 234 3349 Α
253 3313 317 3351 vero
336 3315 398 3352 corr
418 3308 440 3349 θ
513 3301 546 3350 15
564 3296 695 3365 princeps
714 3296 795 3350 P¹Mz
814 3296 955 3365 principes
969 3307 1042 3350 m

96 3374 128 3421 16
148 3368 215 3421 huic
238 3378 297 3422 no:
322 3368 405 3422 huius
425 3378 482 3422 PM
498 3367 558 3423 eius
582 3377 602 3419 V
671 3373 704 3421 29
724 3384 781 3423 non
799 3383 842 3422 om
860 3367 958 3421 A¹VP¹
973 3370 1033 3422 acu
1047 3374 1111 3437 post

94 3439 146 3493 illa
160 3438 197 3491 11²
214 3440 314 3494 tutent
327 3443 377 3496 sut
397 3442 406 3495 l
429 3451 451 3492 θ
461 3448 525 3509 poet
544 3442 652 3495 oratore
672 3438 744 3493 1²²M
832 3443 866 3493 30
885 3438 945 3492 eius
964 3448 1043 3492 Pisa:
1063 3440 1110 3493 eni

94 3522 117 3564 Α
137 3510 216 3564 euius
236 3519 269 3564 M
284 3510 339 3566 eris
360 3522 382 3564 e*
398 3517 401 3581 Ι
418 3515 468 3566 aut
486 3512 553 3567 Νι
573 3515 602 3567 et
620 3511 669 3566 reli
